%YAML 1.1
%TAG !u! tag:unity3d.com,2011:
--- !u!29 &1
SceneSettings:
  m_ObjectHideFlags: 0
  m_PVSData: 
  m_PVSObjectsArray: []
  m_PVSPortalsArray: []
  m_OcclusionBakeSettings:
    smallestOccluder: 5
    smallestHole: .25
    backfaceThreshold: 100
--- !u!104 &2
RenderSettings:
  m_Fog: 0
  m_FogColor: {r: .5, g: .5, b: .5, a: 1}
  m_FogMode: 3
  m_FogDensity: .00999999978
  m_LinearFogStart: 0
  m_LinearFogEnd: 300
  m_AmbientLight: {r: .200000003, g: .200000003, b: .200000003, a: 1}
  m_SkyboxMaterial: {fileID: 0}
  m_HaloStrength: .5
  m_FlareStrength: 1
  m_FlareFadeSpeed: 3
  m_HaloTexture: {fileID: 0}
  m_SpotCookie: {fileID: 0}
  m_ObjectHideFlags: 0
--- !u!127 &3
LevelGameManager:
  m_ObjectHideFlags: 0
--- !u!157 &4
LightmapSettings:
  m_ObjectHideFlags: 0
  m_LightProbes: {fileID: 0}
  m_Lightmaps: []
  m_LightmapsMode: 1
  m_BakedColorSpace: 0
  m_UseDualLightmapsInForward: 0
  m_LightmapEditorSettings:
    m_Resolution: 50
    m_LastUsedResolution: 0
    m_TextureWidth: 1024
    m_TextureHeight: 1024
    m_BounceBoost: 1
    m_BounceIntensity: 1
    m_SkyLightColor: {r: .860000014, g: .930000007, b: 1, a: 1}
    m_SkyLightIntensity: 0
    m_Quality: 0
    m_Bounces: 1
    m_FinalGatherRays: 1000
    m_FinalGatherContrastThreshold: .0500000007
    m_FinalGatherGradientThreshold: 0
    m_FinalGatherInterpolationPoints: 15
    m_AOAmount: 0
    m_AOMaxDistance: .100000001
    m_AOContrast: 1
    m_LODSurfaceMappingDistance: 1
    m_Padding: 0
    m_TextureCompression: 0
    m_LockAtlas: 0
--- !u!196 &5
NavMeshSettings:
  m_ObjectHideFlags: 0
  m_BuildSettings:
    agentRadius: .5
    agentHeight: 2
    agentSlope: 45
    agentClimb: .400000006
    ledgeDropHeight: 0
    maxJumpAcrossDistance: 0
    accuratePlacement: 0
    minRegionArea: 2
    widthInaccuracy: 16.666666
    heightInaccuracy: 10
  m_NavMesh: {fileID: 0}
--- !u!1 &154175332
GameObject:
  m_ObjectHideFlags: 0
  m_PrefabParentObject: {fileID: 100002, guid: 329bcc623dd7a7b4fa32ce42510d0686, type: 2}
  m_PrefabInternal: {fileID: 1422971379}
  serializedVersion: 4
  m_Component:
  - 4: {fileID: 154175333}
  - 212: {fileID: 154175335}
  - 95: {fileID: 154175334}
  - 114: {fileID: 154175336}
  m_Layer: 0
  m_Name: LemmingBody
  m_TagString: Untagged
  m_Icon: {fileID: 0}
  m_NavMeshLayer: 0
  m_StaticEditorFlags: 0
  m_IsActive: 1
--- !u!4 &154175333
Transform:
  m_ObjectHideFlags: 0
  m_PrefabParentObject: {fileID: 400002, guid: 329bcc623dd7a7b4fa32ce42510d0686, type: 2}
  m_PrefabInternal: {fileID: 1422971379}
  m_GameObject: {fileID: 154175332}
  m_LocalRotation: {x: 0, y: 0, z: 0, w: 1}
  m_LocalPosition: {x: 0, y: .829999983, z: 0}
  m_LocalScale: {x: 1, y: 1, z: 1}
  m_Children: []
  m_Father: {fileID: 1818038566}
  m_RootOrder: 0
--- !u!95 &154175334
Animator:
  serializedVersion: 3
  m_ObjectHideFlags: 0
  m_PrefabParentObject: {fileID: 9500000, guid: 329bcc623dd7a7b4fa32ce42510d0686,
    type: 2}
  m_PrefabInternal: {fileID: 1422971379}
  m_GameObject: {fileID: 154175332}
  m_Enabled: 1
  m_Avatar: {fileID: 0}
  m_Controller: {fileID: 9100000, guid: 2e7d110623a0dcc43bfffc5d705ba6f9, type: 2}
  m_CullingMode: 0
  m_UpdateMode: 0
  m_ApplyRootMotion: 1
  m_HasTransformHierarchy: 1
  m_AllowConstantClipSamplingOptimization: 1
--- !u!212 &154175335
SpriteRenderer:
  m_ObjectHideFlags: 0
  m_PrefabParentObject: {fileID: 21200000, guid: 329bcc623dd7a7b4fa32ce42510d0686,
    type: 2}
  m_PrefabInternal: {fileID: 1422971379}
  m_GameObject: {fileID: 154175332}
  m_Enabled: 1
  m_CastShadows: 0
  m_ReceiveShadows: 0
  m_LightmapIndex: 255
  m_LightmapTilingOffset: {x: 1, y: 1, z: 0, w: 0}
  m_Materials:
  - {fileID: 10754, guid: 0000000000000000e000000000000000, type: 0}
  m_SubsetIndices: 
  m_StaticBatchRoot: {fileID: 0}
  m_UseLightProbes: 0
  m_LightProbeAnchor: {fileID: 0}
  m_ScaleInLightmap: 1
  m_SortingLayerID: 0
  m_SortingOrder: 0
  m_Sprite: {fileID: 21300000, guid: 0a96721380f41eb4190b6295f1c5c3f6, type: 3}
  m_Color: {r: 1, g: 1, b: 1, a: 1}
--- !u!114 &154175336
MonoBehaviour:
  m_ObjectHideFlags: 0
  m_PrefabParentObject: {fileID: 11400006, guid: 329bcc623dd7a7b4fa32ce42510d0686,
    type: 2}
  m_PrefabInternal: {fileID: 1422971379}
  m_GameObject: {fileID: 154175332}
  m_Enabled: 1
  m_EditorHideFlags: 0
  m_Script: {fileID: 11500000, guid: 5b7c63a9ca43e044da07ae24fe06df3d, type: 3}
  m_Name: 
  m_EditorClassIdentifier: 
  isWalkingBoolName: IsWalking
  isFallingBoolName: IsFalling
  isImbalanceBoolName: IsImbalance
--- !u!1 &162412021
GameObject:
  m_ObjectHideFlags: 0
  m_PrefabParentObject: {fileID: 100010, guid: f16810b4e0a9b2d499d5a2397aed8fe5, type: 2}
  m_PrefabInternal: {fileID: 388073844}
  serializedVersion: 4
  m_Component:
  - 4: {fileID: 162412022}
  - 95: {fileID: 162412023}
  - 114: {fileID: 162412024}
  m_Layer: 0
  m_Name: LeftArm
  m_TagString: Untagged
  m_Icon: {fileID: 0}
  m_NavMeshLayer: 0
  m_StaticEditorFlags: 0
  m_IsActive: 1
--- !u!4 &162412022
Transform:
  m_ObjectHideFlags: 0
  m_PrefabParentObject: {fileID: 400010, guid: f16810b4e0a9b2d499d5a2397aed8fe5, type: 2}
  m_PrefabInternal: {fileID: 388073844}
  m_GameObject: {fileID: 162412021}
  m_LocalRotation: {x: 0, y: 0, z: 0, w: 1}
  m_LocalPosition: {x: -.449999988, y: 1.75, z: 0}
  m_LocalScale: {x: 1, y: 1, z: 1}
  m_Children:
  - {fileID: 568390751}
  - {fileID: 211491939}
  m_Father: {fileID: 1736221079}
  m_RootOrder: 1
--- !u!95 &162412023
Animator:
  serializedVersion: 3
  m_ObjectHideFlags: 0
  m_PrefabParentObject: {fileID: 9500002, guid: f16810b4e0a9b2d499d5a2397aed8fe5,
    type: 2}
  m_PrefabInternal: {fileID: 388073844}
  m_GameObject: {fileID: 162412021}
  m_Enabled: 1
  m_Avatar: {fileID: 0}
  m_Controller: {fileID: 9100000, guid: 5a1367535fbc99d489a6992376099fdb, type: 2}
  m_CullingMode: 0
  m_UpdateMode: 0
  m_ApplyRootMotion: 1
  m_HasTransformHierarchy: 1
  m_AllowConstantClipSamplingOptimization: 1
--- !u!114 &162412024
MonoBehaviour:
  m_ObjectHideFlags: 0
  m_PrefabParentObject: {fileID: 11400000, guid: f16810b4e0a9b2d499d5a2397aed8fe5,
    type: 2}
  m_PrefabInternal: {fileID: 388073844}
  m_GameObject: {fileID: 162412021}
  m_Enabled: 1
  m_EditorHideFlags: 0
  m_Script: {fileID: 11500000, guid: 69fed4985798f94409eeee210ab05502, type: 3}
  m_Name: 
  m_EditorClassIdentifier: 
  activeBoolName: IsActive
  debug: 1
  keyCodeTest: 276
--- !u!1 &211491938
GameObject:
  m_ObjectHideFlags: 0
  m_PrefabParentObject: {fileID: 100004, guid: f16810b4e0a9b2d499d5a2397aed8fe5, type: 2}
  m_PrefabInternal: {fileID: 388073844}
  serializedVersion: 4
  m_Component:
  - 4: {fileID: 211491939}
  m_Layer: 0
  m_Name: LeftShoulder
  m_TagString: Untagged
  m_Icon: {fileID: 0}
  m_NavMeshLayer: 0
  m_StaticEditorFlags: 0
  m_IsActive: 1
--- !u!4 &211491939
Transform:
  m_ObjectHideFlags: 0
  m_PrefabParentObject: {fileID: 400004, guid: f16810b4e0a9b2d499d5a2397aed8fe5, type: 2}
  m_PrefabInternal: {fileID: 388073844}
  m_GameObject: {fileID: 211491938}
  m_LocalRotation: {x: 0, y: 0, z: 0, w: 1}
  m_LocalPosition: {x: .104999997, y: 0, z: 0}
  m_LocalScale: {x: 1, y: 1, z: 1}
  m_Children:
  - {fileID: 1291612142}
  m_Father: {fileID: 162412022}
  m_RootOrder: 1
--- !u!1 &239890813
GameObject:
  m_ObjectHideFlags: 0
  m_PrefabParentObject: {fileID: 100020, guid: f16810b4e0a9b2d499d5a2397aed8fe5, type: 2}
  m_PrefabInternal: {fileID: 388073844}
  serializedVersion: 4
  m_Component:
  - 4: {fileID: 239890814}
  - 212: {fileID: 239890815}
  - 114: {fileID: 239890816}
  m_Layer: 0
  m_Name: death__0002s_0002_engrenage2
  m_TagString: Untagged
  m_Icon: {fileID: 0}
  m_NavMeshLayer: 0
  m_StaticEditorFlags: 0
  m_IsActive: 1
--- !u!4 &239890814
Transform:
  m_ObjectHideFlags: 0
  m_PrefabParentObject: {fileID: 400020, guid: f16810b4e0a9b2d499d5a2397aed8fe5, type: 2}
  m_PrefabInternal: {fileID: 388073844}
  m_GameObject: {fileID: 239890813}
  m_LocalRotation: {x: 0, y: 0, z: 0, w: 1}
  m_LocalPosition: {x: -.50999999, y: -.510000229, z: 0}
  m_LocalScale: {x: 1, y: 1, z: 1}
  m_Children: []
  m_Father: {fileID: 1010088617}
  m_RootOrder: 6
--- !u!212 &239890815
SpriteRenderer:
  m_ObjectHideFlags: 0
  m_PrefabParentObject: {fileID: 21200006, guid: f16810b4e0a9b2d499d5a2397aed8fe5,
    type: 2}
  m_PrefabInternal: {fileID: 388073844}
  m_GameObject: {fileID: 239890813}
  m_Enabled: 1
  m_CastShadows: 0
  m_ReceiveShadows: 0
  m_LightmapIndex: 255
  m_LightmapTilingOffset: {x: 1, y: 1, z: 0, w: 0}
  m_Materials:
  - {fileID: 10754, guid: 0000000000000000e000000000000000, type: 0}
  m_SubsetIndices: 
  m_StaticBatchRoot: {fileID: 0}
  m_UseLightProbes: 0
  m_LightProbeAnchor: {fileID: 0}
  m_ScaleInLightmap: 1
  m_SortingLayerID: 0
  m_SortingOrder: 0
  m_Sprite: {fileID: 21300000, guid: 6a9b863fe6612a7418b15992146441c7, type: 3}
  m_Color: {r: 1, g: 1, b: 1, a: 1}
--- !u!114 &239890816
MonoBehaviour:
  m_ObjectHideFlags: 0
  m_PrefabParentObject: {fileID: 11400016, guid: f16810b4e0a9b2d499d5a2397aed8fe5,
    type: 2}
  m_PrefabInternal: {fileID: 388073844}
  m_GameObject: {fileID: 239890813}
  m_Enabled: 1
  m_EditorHideFlags: 0
  m_Script: {fileID: 11500000, guid: e9cdbdd72bbb2ee4eb7a74b2466f7db2, type: 3}
  m_Name: 
  m_EditorClassIdentifier: 
  rotationPerSecond: 35
--- !u!1 &250182712
GameObject:
  m_ObjectHideFlags: 0
  m_PrefabParentObject: {fileID: 100006, guid: f16810b4e0a9b2d499d5a2397aed8fe5, type: 2}
  m_PrefabInternal: {fileID: 388073844}
  serializedVersion: 4
  m_Component:
  - 4: {fileID: 250182713}
  m_Layer: 0
  m_Name: RightShoulder
  m_TagString: Untagged
  m_Icon: {fileID: 0}
  m_NavMeshLayer: 0
  m_StaticEditorFlags: 0
  m_IsActive: 1
--- !u!4 &250182713
Transform:
  m_ObjectHideFlags: 0
  m_PrefabParentObject: {fileID: 400006, guid: f16810b4e0a9b2d499d5a2397aed8fe5, type: 2}
  m_PrefabInternal: {fileID: 388073844}
  m_GameObject: {fileID: 250182712}
  m_LocalRotation: {x: 0, y: 0, z: 0, w: 1}
  m_LocalPosition: {x: 0, y: 2.38418579e-07, z: 0}
  m_LocalScale: {x: 1, y: 1, z: 1}
  m_Children:
  - {fileID: 1911243876}
  m_Father: {fileID: 764604566}
  m_RootOrder: 1
--- !u!1 &317865690
GameObject:
  m_ObjectHideFlags: 0
  m_PrefabParentObject: {fileID: 0}
  m_PrefabInternal: {fileID: 0}
  serializedVersion: 4
  m_Component:
  - 4: {fileID: 317865692}
  - 108: {fileID: 317865691}
  m_Layer: 0
  m_Name: Directional light
  m_TagString: Untagged
  m_Icon: {fileID: 0}
  m_NavMeshLayer: 0
  m_StaticEditorFlags: 0
  m_IsActive: 1
--- !u!108 &317865691
Light:
  m_ObjectHideFlags: 0
  m_PrefabParentObject: {fileID: 0}
  m_PrefabInternal: {fileID: 0}
  m_GameObject: {fileID: 317865690}
  m_Enabled: 1
  serializedVersion: 3
  m_Type: 1
  m_Color: {r: 1, g: 1, b: 1, a: 1}
  m_Intensity: .5
  m_Range: 10
  m_SpotAngle: 30
  m_CookieSize: 10
  m_Shadows:
    m_Type: 0
    m_Resolution: -1
    m_Strength: 1
    m_Bias: .0500000007
    m_Softness: 4
    m_SoftnessFade: 1
  m_Cookie: {fileID: 0}
  m_DrawHalo: 0
  m_ActuallyLightmapped: 0
  m_Flare: {fileID: 0}
  m_RenderMode: 0
  m_CullingMask:
    serializedVersion: 2
    m_Bits: 4294967295
  m_Lightmapping: 1
  m_ShadowSamples: 1
  m_ShadowRadius: 0
  m_ShadowAngle: 0
  m_IndirectIntensity: 1
  m_AreaSize: {x: 1, y: 1}
--- !u!4 &317865692
Transform:
  m_ObjectHideFlags: 0
  m_PrefabParentObject: {fileID: 0}
  m_PrefabInternal: {fileID: 0}
  m_GameObject: {fileID: 317865690}
  m_LocalRotation: {x: .408217937, y: -.234569728, z: .109381661, w: .875426114}
  m_LocalPosition: {x: 71.3199997, y: 51.1800003, z: 0}
  m_LocalScale: {x: 1, y: 1, z: 1}
  m_Children: []
  m_Father: {fileID: 0}
  m_RootOrder: 5
--- !u!1 &336282894
GameObject:
  m_ObjectHideFlags: 0
  m_PrefabParentObject: {fileID: 0}
  m_PrefabInternal: {fileID: 0}
  serializedVersion: 4
  m_Component:
  - 4: {fileID: 336282901}
  - 33: {fileID: 336282900}
  - 23: {fileID: 336282899}
  - 58: {fileID: 336282898}
  - 50: {fileID: 336282897}
  - 114: {fileID: 336282896}
  - 114: {fileID: 336282895}
  m_Layer: 0
  m_Name: Soul
  m_TagString: Untagged
  m_Icon: {fileID: 0}
  m_NavMeshLayer: 0
  m_StaticEditorFlags: 0
  m_IsActive: 1
--- !u!114 &336282895
MonoBehaviour:
  m_ObjectHideFlags: 0
  m_PrefabParentObject: {fileID: 0}
  m_PrefabInternal: {fileID: 0}
  m_GameObject: {fileID: 336282894}
  m_Enabled: 1
  m_EditorHideFlags: 0
  m_Script: {fileID: 11500000, guid: 186baa47b105867438b8b9e59ef75203, type: 3}
  m_Name: 
  m_EditorClassIdentifier: 
  moveScriptManager: {fileID: 336282896}
  stopMoveWhenDisable: 1
--- !u!114 &336282896
MonoBehaviour:
  m_ObjectHideFlags: 0
  m_PrefabParentObject: {fileID: 0}
  m_PrefabInternal: {fileID: 0}
  m_GameObject: {fileID: 336282894}
  m_Enabled: 1
  m_EditorHideFlags: 0
  m_Script: {fileID: 11500000, guid: 36af094c6b8b3894795abaf96cae1076, type: 3}
  m_Name: 
  m_EditorClassIdentifier: 
  goAt: {fileID: 0}
  distanceToBeThere: .300000012
  reduceMoveWhenThere: 9
  force: 2
  wantedSpeed: 1
--- !u!50 &336282897
Rigidbody2D:
  m_ObjectHideFlags: 0
  m_PrefabParentObject: {fileID: 0}
  m_PrefabInternal: {fileID: 0}
  m_GameObject: {fileID: 336282894}
  m_Mass: .00999999978
  m_LinearDrag: 0
  m_AngularDrag: .200000003
  m_GravityScale: 1
  m_FixedAngle: 1
  m_IsKinematic: 0
  m_Interpolate: 0
  m_SleepingMode: 1
  m_CollisionDetection: 0
--- !u!58 &336282898
CircleCollider2D:
  m_ObjectHideFlags: 0
  m_PrefabParentObject: {fileID: 0}
  m_PrefabInternal: {fileID: 0}
  m_GameObject: {fileID: 336282894}
  m_Enabled: 1
  m_Material: {fileID: 0}
  m_IsTrigger: 0
  m_Radius: .270000011
  m_Center: {x: 0, y: -.239999995}
--- !u!23 &336282899
Renderer:
  m_ObjectHideFlags: 0
  m_PrefabParentObject: {fileID: 0}
  m_PrefabInternal: {fileID: 0}
  m_GameObject: {fileID: 336282894}
  m_Enabled: 1
  m_CastShadows: 1
  m_ReceiveShadows: 1
  m_LightmapIndex: 255
  m_LightmapTilingOffset: {x: 1, y: 1, z: 0, w: 0}
  m_Materials:
  - {fileID: 10302, guid: 0000000000000000f000000000000000, type: 0}
  m_SubsetIndices: 
  m_StaticBatchRoot: {fileID: 0}
  m_UseLightProbes: 0
  m_LightProbeAnchor: {fileID: 0}
  m_ScaleInLightmap: 1
  m_SortingLayerID: 0
  m_SortingOrder: 0
--- !u!33 &336282900
MeshFilter:
  m_ObjectHideFlags: 0
  m_PrefabParentObject: {fileID: 0}
  m_PrefabInternal: {fileID: 0}
  m_GameObject: {fileID: 336282894}
  m_Mesh: {fileID: 10202, guid: 0000000000000000e000000000000000, type: 0}
--- !u!4 &336282901
Transform:
  m_ObjectHideFlags: 0
  m_PrefabParentObject: {fileID: 0}
  m_PrefabInternal: {fileID: 0}
  m_GameObject: {fileID: 336282894}
  m_LocalRotation: {x: 0, y: 0, z: 0, w: 1}
  m_LocalPosition: {x: -15.5200005, y: 1.12, z: 0}
  m_LocalScale: {x: .812506974, y: 1.48282516, z: .812507033}
  m_Children: []
  m_Father: {fileID: 0}
  m_RootOrder: 7
--- !u!1001 &388073844
Prefab:
  m_ObjectHideFlags: 0
  serializedVersion: 2
  m_Modification:
    m_TransformParent: {fileID: 0}
    m_Modifications:
    - target: {fileID: 400054, guid: f16810b4e0a9b2d499d5a2397aed8fe5, type: 2}
      propertyPath: m_LocalPosition.x
      value: -.189999998
      objectReference: {fileID: 0}
    - target: {fileID: 400054, guid: f16810b4e0a9b2d499d5a2397aed8fe5, type: 2}
      propertyPath: m_LocalPosition.y
      value: 9.34000015
      objectReference: {fileID: 0}
    - target: {fileID: 400054, guid: f16810b4e0a9b2d499d5a2397aed8fe5, type: 2}
      propertyPath: m_LocalPosition.z
      value: -4.42999983
      objectReference: {fileID: 0}
    - target: {fileID: 400054, guid: f16810b4e0a9b2d499d5a2397aed8fe5, type: 2}
      propertyPath: m_LocalRotation.x
      value: 0
      objectReference: {fileID: 0}
    - target: {fileID: 400054, guid: f16810b4e0a9b2d499d5a2397aed8fe5, type: 2}
      propertyPath: m_LocalRotation.y
      value: 0
      objectReference: {fileID: 0}
    - target: {fileID: 400054, guid: f16810b4e0a9b2d499d5a2397aed8fe5, type: 2}
      propertyPath: m_LocalRotation.z
      value: 0
      objectReference: {fileID: 0}
    - target: {fileID: 400054, guid: f16810b4e0a9b2d499d5a2397aed8fe5, type: 2}
      propertyPath: m_LocalRotation.w
      value: 1
      objectReference: {fileID: 0}
    - target: {fileID: 400054, guid: f16810b4e0a9b2d499d5a2397aed8fe5, type: 2}
      propertyPath: m_RootOrder
      value: 9
      objectReference: {fileID: 0}
    m_RemovedComponents: []
  m_ParentPrefab: {fileID: 100100000, guid: f16810b4e0a9b2d499d5a2397aed8fe5, type: 2}
  m_RootGameObject: {fileID: 1173640769}
  m_IsPrefabParent: 0
  m_IsExploded: 1
--- !u!1 &436276923
GameObject:
  m_ObjectHideFlags: 0
  m_PrefabParentObject: {fileID: 0}
  m_PrefabInternal: {fileID: 0}
  serializedVersion: 4
  m_Component:
  - 4: {fileID: 436276926}
  - 33: {fileID: 436276925}
  - 23: {fileID: 436276924}
  m_Layer: 0
  m_Name: Cube
  m_TagString: Untagged
  m_Icon: {fileID: 0}
  m_NavMeshLayer: 0
  m_StaticEditorFlags: 0
  m_IsActive: 1
--- !u!23 &436276924
Renderer:
  m_ObjectHideFlags: 0
  m_PrefabParentObject: {fileID: 0}
  m_PrefabInternal: {fileID: 0}
  m_GameObject: {fileID: 436276923}
  m_Enabled: 1
  m_CastShadows: 1
  m_ReceiveShadows: 1
  m_LightmapIndex: 255
  m_LightmapTilingOffset: {x: 1, y: 1, z: 0, w: 0}
  m_Materials:
  - {fileID: 10302, guid: 0000000000000000f000000000000000, type: 0}
  m_SubsetIndices: 
  m_StaticBatchRoot: {fileID: 0}
  m_UseLightProbes: 0
  m_LightProbeAnchor: {fileID: 0}
  m_ScaleInLightmap: 1
  m_SortingLayerID: 0
  m_SortingOrder: 0
--- !u!33 &436276925
MeshFilter:
  m_ObjectHideFlags: 0
  m_PrefabParentObject: {fileID: 0}
  m_PrefabInternal: {fileID: 0}
  m_GameObject: {fileID: 436276923}
  m_Mesh: {fileID: 10202, guid: 0000000000000000e000000000000000, type: 0}
--- !u!4 &436276926
Transform:
  m_ObjectHideFlags: 0
  m_PrefabParentObject: {fileID: 0}
  m_PrefabInternal: {fileID: 0}
  m_GameObject: {fileID: 436276923}
  m_LocalRotation: {x: 0, y: 0, z: 0, w: 1}
  m_LocalPosition: {x: 0, y: -.680000007, z: 0}
  m_LocalScale: {x: 1, y: .275123835, z: 1}
  m_Children: []
  m_Father: {fileID: 521113339}
  m_RootOrder: 0
--- !u!1 &492195777
GameObject:
  m_ObjectHideFlags: 0
  m_PrefabParentObject: {fileID: 0}
  m_PrefabInternal: {fileID: 0}
  serializedVersion: 4
  m_Component:
  - 4: {fileID: 492195778}
  m_Layer: 0
  m_Name: Where
  m_TagString: Untagged
  m_Icon: {fileID: -1500306622, guid: 0000000000000000d000000000000000, type: 0}
  m_NavMeshLayer: 0
  m_StaticEditorFlags: 0
  m_IsActive: 1
--- !u!4 &492195778
Transform:
  m_ObjectHideFlags: 0
  m_PrefabParentObject: {fileID: 0}
  m_PrefabInternal: {fileID: 0}
  m_GameObject: {fileID: 492195777}
  m_LocalRotation: {x: 0, y: 0, z: 0, w: 1}
  m_LocalPosition: {x: 1.16299999, y: 3.55999994, z: 0}
  m_LocalScale: {x: 1, y: 1, z: 1}
  m_Children: []
  m_Father: {fileID: 521113339}
  m_RootOrder: 1
--- !u!1 &521113336
GameObject:
  m_ObjectHideFlags: 0
  m_PrefabParentObject: {fileID: 0}
  m_PrefabInternal: {fileID: 0}
  serializedVersion: 4
  m_Component:
  - 4: {fileID: 521113339}
  - 114: {fileID: 521113338}
  - 114: {fileID: 521113337}
  - 61: {fileID: 521113340}
  m_Layer: 0
  m_Name: MeetPoint
  m_TagString: Untagged
  m_Icon: {fileID: -1003283189, guid: 0000000000000000d000000000000000, type: 0}
  m_NavMeshLayer: 0
  m_StaticEditorFlags: 0
  m_IsActive: 1
--- !u!114 &521113337
MonoBehaviour:
  m_ObjectHideFlags: 0
  m_PrefabParentObject: {fileID: 0}
  m_PrefabInternal: {fileID: 0}
  m_GameObject: {fileID: 521113336}
  m_Enabled: 1
  m_EditorHideFlags: 0
  m_Script: {fileID: 11500000, guid: 097cca7f6e682514690ccf75f454e204, type: 3}
  m_Name: 
  m_EditorClassIdentifier: 
  meetPoint: {fileID: 521113338}
--- !u!114 &521113338
MonoBehaviour:
  m_ObjectHideFlags: 0
  m_PrefabParentObject: {fileID: 0}
  m_PrefabInternal: {fileID: 0}
  m_GameObject: {fileID: 521113336}
  m_Enabled: 1
  m_EditorHideFlags: 0
  m_Script: {fileID: 11500000, guid: d94748bfc88a32e4da358ff3d06e5cbc, type: 3}
  m_Name: 
  m_EditorClassIdentifier: 
  range: 10
  where: {fileID: 0}
  debug: 1
--- !u!4 &521113339
Transform:
  m_ObjectHideFlags: 0
  m_PrefabParentObject: {fileID: 0}
  m_PrefabInternal: {fileID: 0}
  m_GameObject: {fileID: 521113336}
  m_LocalRotation: {x: 0, y: 0, z: 0, w: 1}
  m_LocalPosition: {x: -.709999979, y: .660000026, z: 0}
  m_LocalScale: {x: 5.69624996, y: 1, z: 1}
  m_Children:
  - {fileID: 436276926}
  - {fileID: 492195778}
  m_Father: {fileID: 0}
  m_RootOrder: 6
--- !u!61 &521113340
BoxCollider2D:
  m_ObjectHideFlags: 0
  m_PrefabParentObject: {fileID: 0}
  m_PrefabInternal: {fileID: 0}
  m_GameObject: {fileID: 521113336}
  m_Enabled: 1
  m_Material: {fileID: 0}
  m_IsTrigger: 1
  m_Size: {x: 1, y: 1.27182865}
  m_Center: {x: 0, y: -.135914326}
--- !u!1 &530507256
GameObject:
  m_ObjectHideFlags: 0
  m_PrefabParentObject: {fileID: 100060, guid: f16810b4e0a9b2d499d5a2397aed8fe5, type: 2}
  m_PrefabInternal: {fileID: 388073844}
  serializedVersion: 4
  m_Component:
  - 4: {fileID: 530507257}
  - 212: {fileID: 530507258}
  m_Layer: 0
  m_Name: death__0000s_0001_mini_cross
  m_TagString: Untagged
  m_Icon: {fileID: 0}
  m_NavMeshLayer: 0
  m_StaticEditorFlags: 0
  m_IsActive: 1
--- !u!4 &530507257
Transform:
  m_ObjectHideFlags: 0
  m_PrefabParentObject: {fileID: 400060, guid: f16810b4e0a9b2d499d5a2397aed8fe5, type: 2}
  m_PrefabInternal: {fileID: 388073844}
  m_GameObject: {fileID: 530507256}
  m_LocalRotation: {x: 0, y: 0, z: 0, w: 1}
  m_LocalPosition: {x: .0260000005, y: .477999985, z: .0299999993}
  m_LocalScale: {x: 1.174142, y: 1.174142, z: 1.174142}
  m_Children: []
  m_Father: {fileID: 1757606737}
  m_RootOrder: 1
--- !u!212 &530507258
SpriteRenderer:
  m_ObjectHideFlags: 0
  m_PrefabParentObject: {fileID: 21200044, guid: f16810b4e0a9b2d499d5a2397aed8fe5,
    type: 2}
  m_PrefabInternal: {fileID: 388073844}
  m_GameObject: {fileID: 530507256}
  m_Enabled: 1
  m_CastShadows: 0
  m_ReceiveShadows: 0
  m_LightmapIndex: 255
  m_LightmapTilingOffset: {x: 1, y: 1, z: 0, w: 0}
  m_Materials:
  - {fileID: 10754, guid: 0000000000000000e000000000000000, type: 0}
  m_SubsetIndices: 
  m_StaticBatchRoot: {fileID: 0}
  m_UseLightProbes: 0
  m_LightProbeAnchor: {fileID: 0}
  m_ScaleInLightmap: 1
  m_SortingLayerID: 0
  m_SortingOrder: 0
  m_Sprite: {fileID: 21300000, guid: 2ef62335a7263334fa0c3059eabdb044, type: 3}
  m_Color: {r: 1, g: 1, b: 1, a: 1}
--- !u!1 &568390750
GameObject:
  m_ObjectHideFlags: 0
  m_PrefabParentObject: {fileID: 100036, guid: f16810b4e0a9b2d499d5a2397aed8fe5, type: 2}
  m_PrefabInternal: {fileID: 388073844}
  serializedVersion: 4
  m_Component:
  - 4: {fileID: 568390751}
  - 212: {fileID: 568390752}
  m_Layer: 0
  m_Name: death__0000s_0001_lever
  m_TagString: Untagged
  m_Icon: {fileID: 0}
  m_NavMeshLayer: 0
  m_StaticEditorFlags: 0
  m_IsActive: 1
--- !u!4 &568390751
Transform:
  m_ObjectHideFlags: 0
  m_PrefabParentObject: {fileID: 400036, guid: f16810b4e0a9b2d499d5a2397aed8fe5, type: 2}
  m_PrefabInternal: {fileID: 388073844}
  m_GameObject: {fileID: 568390750}
  m_LocalRotation: {x: 0, y: 0, z: 0, w: 1}
  m_LocalPosition: {x: -.725000024, y: -.949999988, z: .349999994}
  m_LocalScale: {x: -1, y: 1, z: 1}
  m_Children:
  - {fileID: 1817141996}
  - {fileID: 911344706}
  m_Father: {fileID: 162412022}
  m_RootOrder: 0
--- !u!212 &568390752
SpriteRenderer:
  m_ObjectHideFlags: 0
  m_PrefabParentObject: {fileID: 21200022, guid: f16810b4e0a9b2d499d5a2397aed8fe5,
    type: 2}
  m_PrefabInternal: {fileID: 388073844}
  m_GameObject: {fileID: 568390750}
  m_Enabled: 1
  m_CastShadows: 0
  m_ReceiveShadows: 0
  m_LightmapIndex: 255
  m_LightmapTilingOffset: {x: 1, y: 1, z: 0, w: 0}
  m_Materials:
  - {fileID: 10754, guid: 0000000000000000e000000000000000, type: 0}
  m_SubsetIndices: 
  m_StaticBatchRoot: {fileID: 0}
  m_UseLightProbes: 0
  m_LightProbeAnchor: {fileID: 0}
  m_ScaleInLightmap: 1
  m_SortingLayerID: 0
  m_SortingOrder: 0
  m_Sprite: {fileID: 21300000, guid: 5a044af1635502548b7143ecd0d1a8cc, type: 3}
  m_Color: {r: 1, g: 1, b: 1, a: 1}
--- !u!1 &764604565
GameObject:
  m_ObjectHideFlags: 0
  m_PrefabParentObject: {fileID: 100008, guid: f16810b4e0a9b2d499d5a2397aed8fe5, type: 2}
  m_PrefabInternal: {fileID: 388073844}
  serializedVersion: 4
  m_Component:
  - 4: {fileID: 764604566}
  - 95: {fileID: 764604567}
  - 114: {fileID: 764604568}
  m_Layer: 0
  m_Name: RightArm
  m_TagString: Untagged
  m_Icon: {fileID: 0}
  m_NavMeshLayer: 0
  m_StaticEditorFlags: 0
  m_IsActive: 1
--- !u!4 &764604566
Transform:
  m_ObjectHideFlags: 0
  m_PrefabParentObject: {fileID: 400008, guid: f16810b4e0a9b2d499d5a2397aed8fe5, type: 2}
  m_PrefabInternal: {fileID: 388073844}
  m_GameObject: {fileID: 764604565}
  m_LocalRotation: {x: 0, y: 0, z: 0, w: 1}
  m_LocalPosition: {x: .400000006, y: 1.79999995, z: 0}
  m_LocalScale: {x: 1, y: 1, z: 1}
  m_Children:
  - {fileID: 1757606737}
  - {fileID: 250182713}
  m_Father: {fileID: 1736221079}
  m_RootOrder: 2
--- !u!95 &764604567
Animator:
  serializedVersion: 3
  m_ObjectHideFlags: 0
  m_PrefabParentObject: {fileID: 9500000, guid: f16810b4e0a9b2d499d5a2397aed8fe5,
    type: 2}
  m_PrefabInternal: {fileID: 388073844}
  m_GameObject: {fileID: 764604565}
  m_Enabled: 1
  m_Avatar: {fileID: 0}
  m_Controller: {fileID: 9100000, guid: 140c4c2b38e05ac4f94797491afda5f8, type: 2}
  m_CullingMode: 0
  m_UpdateMode: 0
  m_ApplyRootMotion: 1
  m_HasTransformHierarchy: 1
  m_AllowConstantClipSamplingOptimization: 1
--- !u!114 &764604568
MonoBehaviour:
  m_ObjectHideFlags: 0
  m_PrefabParentObject: {fileID: 11400002, guid: f16810b4e0a9b2d499d5a2397aed8fe5,
    type: 2}
  m_PrefabInternal: {fileID: 388073844}
  m_GameObject: {fileID: 764604565}
  m_Enabled: 1
  m_EditorHideFlags: 0
  m_Script: {fileID: 11500000, guid: 69fed4985798f94409eeee210ab05502, type: 3}
  m_Name: 
  m_EditorClassIdentifier: 
  activeBoolName: IsActive
  debug: 1
  keyCodeTest: 275
--- !u!1 &771928225
GameObject:
  m_ObjectHideFlags: 0
  m_PrefabParentObject: {fileID: 100052, guid: f16810b4e0a9b2d499d5a2397aed8fe5, type: 2}
  m_PrefabInternal: {fileID: 388073844}
  serializedVersion: 4
  m_Component:
  - 4: {fileID: 771928226}
  - 212: {fileID: 771928227}
  m_Layer: 0
  m_Name: 2D
  m_TagString: Untagged
  m_Icon: {fileID: 813524716, guid: 0000000000000000d000000000000000, type: 0}
  m_NavMeshLayer: 0
  m_StaticEditorFlags: 0
  m_IsActive: 1
--- !u!4 &771928226
Transform:
  m_ObjectHideFlags: 0
  m_PrefabParentObject: {fileID: 400052, guid: f16810b4e0a9b2d499d5a2397aed8fe5, type: 2}
  m_PrefabInternal: {fileID: 388073844}
  m_GameObject: {fileID: 771928225}
  m_LocalRotation: {x: 0, y: 0, z: 0, w: 1}
  m_LocalPosition: {x: 0, y: 0, z: 0}
  m_LocalScale: {x: 1, y: 1, z: 1}
  m_Children:
  - {fileID: 1267600549}
  - {fileID: 1736221079}
  - {fileID: 1490080626}
  m_Father: {fileID: 1173640770}
  m_RootOrder: 0
--- !u!212 &771928227
SpriteRenderer:
  m_ObjectHideFlags: 0
  m_PrefabParentObject: {fileID: 21200038, guid: f16810b4e0a9b2d499d5a2397aed8fe5,
    type: 2}
  m_PrefabInternal: {fileID: 388073844}
  m_GameObject: {fileID: 771928225}
  m_Enabled: 1
  m_CastShadows: 0
  m_ReceiveShadows: 0
  m_LightmapIndex: 255
  m_LightmapTilingOffset: {x: 1, y: 1, z: 0, w: 0}
  m_Materials:
  - {fileID: 10754, guid: 0000000000000000e000000000000000, type: 0}
  m_SubsetIndices: 
  m_StaticBatchRoot: {fileID: 0}
  m_UseLightProbes: 0
  m_LightProbeAnchor: {fileID: 0}
  m_ScaleInLightmap: 1
  m_SortingLayerID: 0
  m_SortingOrder: 0
  m_Sprite: {fileID: 0}
  m_Color: {r: 1, g: 1, b: 1, a: 1}
--- !u!1 &820508579
GameObject:
  m_ObjectHideFlags: 0
  m_PrefabParentObject: {fileID: 100000, guid: 329bcc623dd7a7b4fa32ce42510d0686, type: 2}
  m_PrefabInternal: {fileID: 1422971379}
  serializedVersion: 4
  m_Component:
  - 4: {fileID: 820508581}
  - 114: {fileID: 820508580}
  m_Layer: 0
  m_Name: GroundChecker
  m_TagString: Untagged
  m_Icon: {fileID: 0}
  m_NavMeshLayer: 0
  m_StaticEditorFlags: 0
  m_IsActive: 1
--- !u!114 &820508580
MonoBehaviour:
  m_ObjectHideFlags: 0
  m_PrefabParentObject: {fileID: 11400004, guid: 329bcc623dd7a7b4fa32ce42510d0686,
    type: 2}
  m_PrefabInternal: {fileID: 1422971379}
  m_GameObject: {fileID: 820508579}
  m_Enabled: 1
  m_EditorHideFlags: 0
  m_Script: {fileID: 11500000, guid: a88000f42c8ea7a469adaa6925a223b5, type: 3}
  m_Name: 
  m_EditorClassIdentifier: 
  withTags: []
  inlayers:
    serializedVersion: 2
    m_Bits: 4294967295
  sphereRadius: .100000001
--- !u!4 &820508581
Transform:
  m_ObjectHideFlags: 0
  m_PrefabParentObject: {fileID: 400000, guid: 329bcc623dd7a7b4fa32ce42510d0686, type: 2}
  m_PrefabInternal: {fileID: 1422971379}
  m_GameObject: {fileID: 820508579}
  m_LocalRotation: {x: 0, y: 0, z: 0, w: 1}
  m_LocalPosition: {x: .300000012, y: -.40200001, z: 0}
  m_LocalScale: {x: 1, y: 1, z: 1}
  m_Children: []
  m_Father: {fileID: 1818038566}
  m_RootOrder: 1
--- !u!1 &911344705
GameObject:
  m_ObjectHideFlags: 0
  m_PrefabParentObject: {fileID: 100062, guid: f16810b4e0a9b2d499d5a2397aed8fe5, type: 2}
  m_PrefabInternal: {fileID: 388073844}
  serializedVersion: 4
  m_Component:
  - 4: {fileID: 911344706}
  - 212: {fileID: 911344707}
  m_Layer: 0
  m_Name: death__0000s_0001_mini_cross
  m_TagString: Untagged
  m_Icon: {fileID: 0}
  m_NavMeshLayer: 0
  m_StaticEditorFlags: 0
  m_IsActive: 1
--- !u!4 &911344706
Transform:
  m_ObjectHideFlags: 0
  m_PrefabParentObject: {fileID: 400062, guid: f16810b4e0a9b2d499d5a2397aed8fe5, type: 2}
  m_PrefabInternal: {fileID: 388073844}
  m_GameObject: {fileID: 911344705}
  m_LocalRotation: {x: 0, y: 0, z: 0, w: 1}
  m_LocalPosition: {x: .0199999996, y: .460000008, z: .0599999987}
  m_LocalScale: {x: 1.17414212, y: 1.17414248, z: 1.17414248}
  m_Children: []
  m_Father: {fileID: 568390751}
  m_RootOrder: 1
--- !u!212 &911344707
SpriteRenderer:
  m_ObjectHideFlags: 0
  m_PrefabParentObject: {fileID: 21200046, guid: f16810b4e0a9b2d499d5a2397aed8fe5,
    type: 2}
  m_PrefabInternal: {fileID: 388073844}
  m_GameObject: {fileID: 911344705}
  m_Enabled: 1
  m_CastShadows: 0
  m_ReceiveShadows: 0
  m_LightmapIndex: 255
  m_LightmapTilingOffset: {x: 1, y: 1, z: 0, w: 0}
  m_Materials:
  - {fileID: 10754, guid: 0000000000000000e000000000000000, type: 0}
  m_SubsetIndices: 
  m_StaticBatchRoot: {fileID: 0}
  m_UseLightProbes: 0
  m_LightProbeAnchor: {fileID: 0}
  m_ScaleInLightmap: 1
  m_SortingLayerID: 0
  m_SortingOrder: 0
  m_Sprite: {fileID: 21300000, guid: 2ef62335a7263334fa0c3059eabdb044, type: 3}
  m_Color: {r: 1, g: 1, b: 1, a: 1}
--- !u!1 &920157346
GameObject:
  m_ObjectHideFlags: 0
  m_PrefabParentObject: {fileID: 100006, guid: 329bcc623dd7a7b4fa32ce42510d0686, type: 2}
  m_PrefabInternal: {fileID: 1422971379}
  serializedVersion: 4
  m_Component:
  - 4: {fileID: 920157347}
  - 114: {fileID: 920157350}
  - 50: {fileID: 920157349}
  - 58: {fileID: 920157348}
  - 114: {fileID: 920157351}
  m_Layer: 0
  m_Name: LemmingSoul
  m_TagString: Untagged
  m_Icon: {fileID: 866134395, guid: 0000000000000000d000000000000000, type: 0}
  m_NavMeshLayer: 0
  m_StaticEditorFlags: 0
  m_IsActive: 1
--- !u!4 &920157347
Transform:
  m_ObjectHideFlags: 0
  m_PrefabParentObject: {fileID: 400006, guid: 329bcc623dd7a7b4fa32ce42510d0686, type: 2}
  m_PrefabInternal: {fileID: 1422971379}
  m_GameObject: {fileID: 920157346}
  m_LocalRotation: {x: 0, y: 0, z: 0, w: 1}
  m_LocalPosition: {x: 4.80000019, y: .140000001, z: 0}
  m_LocalScale: {x: 1, y: 1, z: 1}
  m_Children:
  - {fileID: 1818038566}
  m_Father: {fileID: 0}
  m_RootOrder: 10
--- !u!58 &920157348
CircleCollider2D:
  m_ObjectHideFlags: 0
  m_PrefabParentObject: {fileID: 5800000, guid: 329bcc623dd7a7b4fa32ce42510d0686,
    type: 2}
  m_PrefabInternal: {fileID: 1422971379}
  m_GameObject: {fileID: 920157346}
  m_Enabled: 1
  m_Material: {fileID: 0}
  m_IsTrigger: 0
  m_Radius: .389999986
  m_Center: {x: .25, y: .239999995}
--- !u!50 &920157349
Rigidbody2D:
  m_ObjectHideFlags: 0
  m_PrefabParentObject: {fileID: 5000000, guid: 329bcc623dd7a7b4fa32ce42510d0686,
    type: 2}
  m_PrefabInternal: {fileID: 1422971379}
  m_GameObject: {fileID: 920157346}
  m_Mass: 1
  m_LinearDrag: 0
  m_AngularDrag: .0500000007
  m_GravityScale: 1
  m_FixedAngle: 1
  m_IsKinematic: 0
  m_Interpolate: 0
  m_SleepingMode: 1
  m_CollisionDetection: 0
--- !u!114 &920157350
MonoBehaviour:
  m_ObjectHideFlags: 0
  m_PrefabParentObject: {fileID: 11400002, guid: 329bcc623dd7a7b4fa32ce42510d0686,
    type: 2}
  m_PrefabInternal: {fileID: 1422971379}
  m_GameObject: {fileID: 920157346}
  m_Enabled: 1
  m_EditorHideFlags: 0
  m_Script: {fileID: 11500000, guid: 2aef5995d303d73459bff36487a9ae4c, type: 3}
  m_Name: 
  m_EditorClassIdentifier: 
  lemmingAnimator: {fileID: 154175336}
  groundChecker: {fileID: 820508580}
  rigBody2D: {fileID: 920157349}
  walkingVelocitySensibility: .100000001
  inverseDirection: 1
--- !u!114 &920157351
MonoBehaviour:
  m_ObjectHideFlags: 0
  m_PrefabParentObject: {fileID: 11400000, guid: 329bcc623dd7a7b4fa32ce42510d0686,
    type: 2}
  m_PrefabInternal: {fileID: 1422971379}
  m_GameObject: {fileID: 920157346}
  m_Enabled: 0
  m_EditorHideFlags: 0
  m_Script: {fileID: 11500000, guid: 36af094c6b8b3894795abaf96cae1076, type: 3}
  m_Name: 
  m_EditorClassIdentifier: 
  goAt: {fileID: 492195778}
  distanceToBeThere: .300000012
  reduceMoveWhenThere: 3
  force: 5
  wantedSpeed: 6
--- !u!1 &941943221
GameObject:
  m_ObjectHideFlags: 0
  m_PrefabParentObject: {fileID: 100030, guid: f16810b4e0a9b2d499d5a2397aed8fe5, type: 2}
  m_PrefabInternal: {fileID: 388073844}
  serializedVersion: 4
  m_Component:
  - 4: {fileID: 941943222}
  - 212: {fileID: 941943223}
  - 114: {fileID: 941943224}
  m_Layer: 0
  m_Name: death__0002s_0000_engrenage3
  m_TagString: Untagged
  m_Icon: {fileID: 0}
  m_NavMeshLayer: 0
  m_StaticEditorFlags: 0
  m_IsActive: 1
--- !u!4 &941943222
Transform:
  m_ObjectHideFlags: 0
  m_PrefabParentObject: {fileID: 400030, guid: f16810b4e0a9b2d499d5a2397aed8fe5, type: 2}
  m_PrefabInternal: {fileID: 388073844}
  m_GameObject: {fileID: 941943221}
  m_LocalRotation: {x: 0, y: 0, z: 0, w: 1}
  m_LocalPosition: {x: 1.77999997, y: -.409999847, z: -.300000191}
  m_LocalScale: {x: 1, y: 1, z: 1}
  m_Children: []
  m_Father: {fileID: 1010088617}
  m_RootOrder: 1
--- !u!212 &941943223
SpriteRenderer:
  m_ObjectHideFlags: 0
  m_PrefabParentObject: {fileID: 21200016, guid: f16810b4e0a9b2d499d5a2397aed8fe5,
    type: 2}
  m_PrefabInternal: {fileID: 388073844}
  m_GameObject: {fileID: 941943221}
  m_Enabled: 1
  m_CastShadows: 0
  m_ReceiveShadows: 0
  m_LightmapIndex: 255
  m_LightmapTilingOffset: {x: 1, y: 1, z: 0, w: 0}
  m_Materials:
  - {fileID: 10754, guid: 0000000000000000e000000000000000, type: 0}
  m_SubsetIndices: 
  m_StaticBatchRoot: {fileID: 0}
  m_UseLightProbes: 0
  m_LightProbeAnchor: {fileID: 0}
  m_ScaleInLightmap: 1
  m_SortingLayerID: 0
  m_SortingOrder: 0
  m_Sprite: {fileID: 21300000, guid: f60590893b36cf447bb84fba3c199287, type: 3}
  m_Color: {r: 1, g: 1, b: 1, a: 1}
--- !u!114 &941943224
MonoBehaviour:
  m_ObjectHideFlags: 0
  m_PrefabParentObject: {fileID: 11400006, guid: f16810b4e0a9b2d499d5a2397aed8fe5,
    type: 2}
  m_PrefabInternal: {fileID: 388073844}
  m_GameObject: {fileID: 941943221}
  m_Enabled: 1
  m_EditorHideFlags: 0
  m_Script: {fileID: 11500000, guid: e9cdbdd72bbb2ee4eb7a74b2466f7db2, type: 3}
  m_Name: 
  m_EditorClassIdentifier: 
  rotationPerSecond: 45
--- !u!1 &978065322
GameObject:
  m_ObjectHideFlags: 0
  m_PrefabParentObject: {fileID: 0}
  m_PrefabInternal: {fileID: 0}
  serializedVersion: 4
  m_Component:
  - 4: {fileID: 978065326}
  - 33: {fileID: 978065325}
  - 23: {fileID: 978065323}
  - 61: {fileID: 978065324}
  m_Layer: 0
  m_Name: Ground
  m_TagString: Untagged
  m_Icon: {fileID: 0}
  m_NavMeshLayer: 0
  m_StaticEditorFlags: 0
  m_IsActive: 1
--- !u!23 &978065323
Renderer:
  m_ObjectHideFlags: 0
  m_PrefabParentObject: {fileID: 0}
  m_PrefabInternal: {fileID: 0}
  m_GameObject: {fileID: 978065322}
  m_Enabled: 1
  m_CastShadows: 1
  m_ReceiveShadows: 1
  m_LightmapIndex: 255
  m_LightmapTilingOffset: {x: 1, y: 1, z: 0, w: 0}
  m_Materials:
  - {fileID: 10302, guid: 0000000000000000f000000000000000, type: 0}
  m_SubsetIndices: 
  m_StaticBatchRoot: {fileID: 0}
  m_UseLightProbes: 0
  m_LightProbeAnchor: {fileID: 0}
  m_ScaleInLightmap: 1
  m_SortingLayerID: 0
  m_SortingOrder: 0
--- !u!61 &978065324
BoxCollider2D:
  m_ObjectHideFlags: 0
  m_PrefabParentObject: {fileID: 0}
  m_PrefabInternal: {fileID: 0}
  m_GameObject: {fileID: 978065322}
  m_Enabled: 1
  m_Material: {fileID: 0}
  m_IsTrigger: 0
  m_Size: {x: 1, y: 1}
  m_Center: {x: 0, y: 0}
--- !u!33 &978065325
MeshFilter:
  m_ObjectHideFlags: 0
  m_PrefabParentObject: {fileID: 0}
  m_PrefabInternal: {fileID: 0}
  m_GameObject: {fileID: 978065322}
  m_Mesh: {fileID: 10202, guid: 0000000000000000e000000000000000, type: 0}
--- !u!4 &978065326
Transform:
  m_ObjectHideFlags: 0
  m_PrefabParentObject: {fileID: 0}
  m_PrefabInternal: {fileID: 0}
  m_GameObject: {fileID: 978065322}
  m_LocalRotation: {x: 0, y: 0, z: 0, w: 1}
  m_LocalPosition: {x: .00999999978, y: -9.92000008, z: 0}
  m_LocalScale: {x: 57.4693108, y: 19.85009, z: 1}
  m_Children: []
  m_Father: {fileID: 0}
  m_RootOrder: 3
--- !u!1 &982397464
GameObject:
  m_ObjectHideFlags: 0
  m_PrefabParentObject: {fileID: 100058, guid: f16810b4e0a9b2d499d5a2397aed8fe5, type: 2}
  m_PrefabInternal: {fileID: 388073844}
  serializedVersion: 4
  m_Component:
  - 4: {fileID: 982397465}
  - 212: {fileID: 982397466}
  m_Layer: 0
  m_Name: death__0000s_0000_lever_bottom
  m_TagString: Untagged
  m_Icon: {fileID: 0}
  m_NavMeshLayer: 0
  m_StaticEditorFlags: 0
  m_IsActive: 1
--- !u!4 &982397465
Transform:
  m_ObjectHideFlags: 0
  m_PrefabParentObject: {fileID: 400058, guid: f16810b4e0a9b2d499d5a2397aed8fe5, type: 2}
  m_PrefabInternal: {fileID: 388073844}
  m_GameObject: {fileID: 982397464}
  m_LocalRotation: {x: 0, y: 0, z: 0, w: 1}
  m_LocalPosition: {x: -1.18599999, y: .453000009, z: .213}
  m_LocalScale: {x: -1, y: 1, z: 1}
  m_Children: []
  m_Father: {fileID: 1184237479}
  m_RootOrder: 0
--- !u!212 &982397466
SpriteRenderer:
  m_ObjectHideFlags: 0
  m_PrefabParentObject: {fileID: 21200042, guid: f16810b4e0a9b2d499d5a2397aed8fe5,
    type: 2}
  m_PrefabInternal: {fileID: 388073844}
  m_GameObject: {fileID: 982397464}
  m_Enabled: 1
  m_CastShadows: 0
  m_ReceiveShadows: 0
  m_LightmapIndex: 255
  m_LightmapTilingOffset: {x: 1, y: 1, z: 0, w: 0}
  m_Materials:
  - {fileID: 10754, guid: 0000000000000000e000000000000000, type: 0}
  m_SubsetIndices: 
  m_StaticBatchRoot: {fileID: 0}
  m_UseLightProbes: 0
  m_LightProbeAnchor: {fileID: 0}
  m_ScaleInLightmap: 1
  m_SortingLayerID: 0
  m_SortingOrder: 0
  m_Sprite: {fileID: 21300000, guid: 7e7561255c9bba6489f46f0f5a29c32b, type: 3}
  m_Color: {r: 1, g: 1, b: 1, a: 1}
--- !u!1 &983689955
GameObject:
  m_ObjectHideFlags: 0
  m_PrefabParentObject: {fileID: 100018, guid: f16810b4e0a9b2d499d5a2397aed8fe5, type: 2}
  m_PrefabInternal: {fileID: 388073844}
  serializedVersion: 4
  m_Component:
  - 4: {fileID: 983689956}
  - 212: {fileID: 983689957}
  - 114: {fileID: 983689958}
  m_Layer: 0
  m_Name: death__0002s_0001_engrenage4
  m_TagString: Untagged
  m_Icon: {fileID: 0}
  m_NavMeshLayer: 0
  m_StaticEditorFlags: 0
  m_IsActive: 1
--- !u!4 &983689956
Transform:
  m_ObjectHideFlags: 0
  m_PrefabParentObject: {fileID: 400018, guid: f16810b4e0a9b2d499d5a2397aed8fe5, type: 2}
  m_PrefabInternal: {fileID: 388073844}
  m_GameObject: {fileID: 983689955}
  m_LocalRotation: {x: 0, y: 0, z: 0, w: 1}
  m_LocalPosition: {x: -.289999992, y: -.319999695, z: -.39800024}
  m_LocalScale: {x: 1, y: 1, z: 1}
  m_Children: []
  m_Father: {fileID: 1010088617}
  m_RootOrder: 7
--- !u!212 &983689957
SpriteRenderer:
  m_ObjectHideFlags: 0
  m_PrefabParentObject: {fileID: 21200004, guid: f16810b4e0a9b2d499d5a2397aed8fe5,
    type: 2}
  m_PrefabInternal: {fileID: 388073844}
  m_GameObject: {fileID: 983689955}
  m_Enabled: 1
  m_CastShadows: 0
  m_ReceiveShadows: 0
  m_LightmapIndex: 255
  m_LightmapTilingOffset: {x: 1, y: 1, z: 0, w: 0}
  m_Materials:
  - {fileID: 10754, guid: 0000000000000000e000000000000000, type: 0}
  m_SubsetIndices: 
  m_StaticBatchRoot: {fileID: 0}
  m_UseLightProbes: 0
  m_LightProbeAnchor: {fileID: 0}
  m_ScaleInLightmap: 1
  m_SortingLayerID: 0
  m_SortingOrder: 0
  m_Sprite: {fileID: 21300000, guid: 13068e29fa38f7445b5a179ba1033969, type: 3}
  m_Color: {r: 1, g: 1, b: 1, a: 1}
--- !u!114 &983689958
MonoBehaviour:
  m_ObjectHideFlags: 0
  m_PrefabParentObject: {fileID: 11400018, guid: f16810b4e0a9b2d499d5a2397aed8fe5,
    type: 2}
  m_PrefabInternal: {fileID: 388073844}
  m_GameObject: {fileID: 983689955}
  m_Enabled: 1
  m_EditorHideFlags: 0
  m_Script: {fileID: 11500000, guid: e9cdbdd72bbb2ee4eb7a74b2466f7db2, type: 3}
  m_Name: 
  m_EditorClassIdentifier: 
  rotationPerSecond: -60
--- !u!1 &998632253
GameObject:
  m_ObjectHideFlags: 0
  m_PrefabParentObject: {fileID: 0}
  m_PrefabInternal: {fileID: 0}
  serializedVersion: 4
  m_Component:
  - 4: {fileID: 998632260}
  - 33: {fileID: 998632259}
  - 23: {fileID: 998632258}
  - 58: {fileID: 998632257}
  - 50: {fileID: 998632256}
  - 114: {fileID: 998632255}
  - 114: {fileID: 998632254}
  m_Layer: 0
  m_Name: Soul
  m_TagString: Untagged
  m_Icon: {fileID: 0}
  m_NavMeshLayer: 0
  m_StaticEditorFlags: 0
  m_IsActive: 1
--- !u!114 &998632254
MonoBehaviour:
  m_ObjectHideFlags: 0
  m_PrefabParentObject: {fileID: 0}
  m_PrefabInternal: {fileID: 0}
  m_GameObject: {fileID: 998632253}
  m_Enabled: 1
  m_EditorHideFlags: 0
  m_Script: {fileID: 11500000, guid: 186baa47b105867438b8b9e59ef75203, type: 3}
  m_Name: 
  m_EditorClassIdentifier: 
  moveScriptManager: {fileID: 998632255}
  stopMoveWhenDisable: 1
--- !u!114 &998632255
MonoBehaviour:
  m_ObjectHideFlags: 0
  m_PrefabParentObject: {fileID: 0}
  m_PrefabInternal: {fileID: 0}
  m_GameObject: {fileID: 998632253}
  m_Enabled: 1
  m_EditorHideFlags: 0
  m_Script: {fileID: 11500000, guid: 36af094c6b8b3894795abaf96cae1076, type: 3}
  m_Name: 
  m_EditorClassIdentifier: 
  goAt: {fileID: 0}
  distanceToBeThere: .300000012
  reduceMoveWhenThere: 9
  force: 2
  wantedSpeed: 1
--- !u!50 &998632256
Rigidbody2D:
  m_ObjectHideFlags: 0
  m_PrefabParentObject: {fileID: 0}
  m_PrefabInternal: {fileID: 0}
  m_GameObject: {fileID: 998632253}
  m_Mass: .00999999978
  m_LinearDrag: 0
  m_AngularDrag: .200000003
  m_GravityScale: 1
  m_FixedAngle: 1
  m_IsKinematic: 0
  m_Interpolate: 0
  m_SleepingMode: 1
  m_CollisionDetection: 0
--- !u!58 &998632257
CircleCollider2D:
  m_ObjectHideFlags: 0
  m_PrefabParentObject: {fileID: 0}
  m_PrefabInternal: {fileID: 0}
  m_GameObject: {fileID: 998632253}
  m_Enabled: 1
  m_Material: {fileID: 0}
  m_IsTrigger: 0
  m_Radius: .270000011
  m_Center: {x: 0, y: -.239999995}
--- !u!23 &998632258
Renderer:
  m_ObjectHideFlags: 0
  m_PrefabParentObject: {fileID: 0}
  m_PrefabInternal: {fileID: 0}
  m_GameObject: {fileID: 998632253}
  m_Enabled: 1
  m_CastShadows: 1
  m_ReceiveShadows: 1
  m_LightmapIndex: 255
  m_LightmapTilingOffset: {x: 1, y: 1, z: 0, w: 0}
  m_Materials:
  - {fileID: 10302, guid: 0000000000000000f000000000000000, type: 0}
  m_SubsetIndices: 
  m_StaticBatchRoot: {fileID: 0}
  m_UseLightProbes: 0
  m_LightProbeAnchor: {fileID: 0}
  m_ScaleInLightmap: 1
  m_SortingLayerID: 0
  m_SortingOrder: 0
--- !u!33 &998632259
MeshFilter:
  m_ObjectHideFlags: 0
  m_PrefabParentObject: {fileID: 0}
  m_PrefabInternal: {fileID: 0}
  m_GameObject: {fileID: 998632253}
  m_Mesh: {fileID: 10202, guid: 0000000000000000e000000000000000, type: 0}
--- !u!4 &998632260
Transform:
  m_ObjectHideFlags: 0
  m_PrefabParentObject: {fileID: 0}
  m_PrefabInternal: {fileID: 0}
  m_GameObject: {fileID: 998632253}
  m_LocalRotation: {x: 0, y: 0, z: 0, w: 1}
  m_LocalPosition: {x: -5.03999996, y: 1.12, z: 0}
  m_LocalScale: {x: .812506974, y: 1.48282516, z: .812507033}
  m_Children: []
  m_Father: {fileID: 0}
  m_RootOrder: 8
--- !u!1 &1003532652
GameObject:
  m_ObjectHideFlags: 0
  m_PrefabParentObject: {fileID: 100032, guid: f16810b4e0a9b2d499d5a2397aed8fe5, type: 2}
  m_PrefabInternal: {fileID: 388073844}
  serializedVersion: 4
  m_Component:
  - 4: {fileID: 1003532653}
  - 212: {fileID: 1003532654}
  - 114: {fileID: 1003532655}
  m_Layer: 0
  m_Name: death__0002s_0000_engrenage3
  m_TagString: Untagged
  m_Icon: {fileID: 0}
  m_NavMeshLayer: 0
  m_StaticEditorFlags: 0
  m_IsActive: 1
--- !u!4 &1003532653
Transform:
  m_ObjectHideFlags: 0
  m_PrefabParentObject: {fileID: 400032, guid: f16810b4e0a9b2d499d5a2397aed8fe5, type: 2}
  m_PrefabInternal: {fileID: 388073844}
  m_GameObject: {fileID: 1003532652}
  m_LocalRotation: {x: 0, y: 0, z: 0, w: 1}
  m_LocalPosition: {x: .0879999995, y: -.501999974, z: .0839999989}
  m_LocalScale: {x: 1, y: 1, z: 1}
  m_Children: []
  m_Father: {fileID: 1010088617}
  m_RootOrder: 0
--- !u!212 &1003532654
SpriteRenderer:
  m_ObjectHideFlags: 0
  m_PrefabParentObject: {fileID: 21200018, guid: f16810b4e0a9b2d499d5a2397aed8fe5,
    type: 2}
  m_PrefabInternal: {fileID: 388073844}
  m_GameObject: {fileID: 1003532652}
  m_Enabled: 1
  m_CastShadows: 0
  m_ReceiveShadows: 0
  m_LightmapIndex: 255
  m_LightmapTilingOffset: {x: 1, y: 1, z: 0, w: 0}
  m_Materials:
  - {fileID: 10754, guid: 0000000000000000e000000000000000, type: 0}
  m_SubsetIndices: 
  m_StaticBatchRoot: {fileID: 0}
  m_UseLightProbes: 0
  m_LightProbeAnchor: {fileID: 0}
  m_ScaleInLightmap: 1
  m_SortingLayerID: 0
  m_SortingOrder: 0
  m_Sprite: {fileID: 21300000, guid: f60590893b36cf447bb84fba3c199287, type: 3}
  m_Color: {r: 1, g: 1, b: 1, a: 1}
--- !u!114 &1003532655
MonoBehaviour:
  m_ObjectHideFlags: 0
  m_PrefabParentObject: {fileID: 11400004, guid: f16810b4e0a9b2d499d5a2397aed8fe5,
    type: 2}
  m_PrefabInternal: {fileID: 388073844}
  m_GameObject: {fileID: 1003532652}
  m_Enabled: 1
  m_EditorHideFlags: 0
  m_Script: {fileID: 11500000, guid: e9cdbdd72bbb2ee4eb7a74b2466f7db2, type: 3}
  m_Name: 
  m_EditorClassIdentifier: 
  rotationPerSecond: 45
--- !u!1 &1010088616
GameObject:
  m_ObjectHideFlags: 0
  m_PrefabParentObject: {fileID: 100014, guid: f16810b4e0a9b2d499d5a2397aed8fe5, type: 2}
  m_PrefabInternal: {fileID: 388073844}
  serializedVersion: 4
  m_Component:
  - 4: {fileID: 1010088617}
  m_Layer: 0
  m_Name: Engrenage
  m_TagString: Untagged
  m_Icon: {fileID: 0}
  m_NavMeshLayer: 0
  m_StaticEditorFlags: 0
  m_IsActive: 1
--- !u!4 &1010088617
Transform:
  m_ObjectHideFlags: 0
  m_PrefabParentObject: {fileID: 400014, guid: f16810b4e0a9b2d499d5a2397aed8fe5, type: 2}
  m_PrefabInternal: {fileID: 388073844}
  m_GameObject: {fileID: 1010088616}
  m_LocalRotation: {x: 0, y: 0, z: 0, w: 1}
  m_LocalPosition: {x: 0, y: 0, z: 0}
  m_LocalScale: {x: 1, y: 1, z: 1}
  m_Children:
  - {fileID: 1003532653}
  - {fileID: 941943222}
  - {fileID: 2033720275}
  - {fileID: 1917943736}
  - {fileID: 1061382975}
  - {fileID: 1704079069}
  - {fileID: 239890814}
  - {fileID: 983689956}
  m_Father: {fileID: 1490080626}
  m_RootOrder: 1
--- !u!1 &1061382974
GameObject:
  m_ObjectHideFlags: 0
  m_PrefabParentObject: {fileID: 100024, guid: f16810b4e0a9b2d499d5a2397aed8fe5, type: 2}
  m_PrefabInternal: {fileID: 388073844}
  serializedVersion: 4
  m_Component:
  - 4: {fileID: 1061382975}
  - 212: {fileID: 1061382976}
  - 114: {fileID: 1061382977}
  m_Layer: 0
  m_Name: death__0002s_0001_engrenage4
  m_TagString: Untagged
  m_Icon: {fileID: 0}
  m_NavMeshLayer: 0
  m_StaticEditorFlags: 0
  m_IsActive: 1
--- !u!4 &1061382975
Transform:
  m_ObjectHideFlags: 0
  m_PrefabParentObject: {fileID: 400024, guid: f16810b4e0a9b2d499d5a2397aed8fe5, type: 2}
  m_PrefabInternal: {fileID: 388073844}
  m_GameObject: {fileID: 1061382974}
  m_LocalRotation: {x: 0, y: 0, z: 0, w: 1}
  m_LocalPosition: {x: -.944999993, y: -.927999496, z: 0}
  m_LocalScale: {x: 1, y: 1, z: 1}
  m_Children: []
  m_Father: {fileID: 1010088617}
  m_RootOrder: 4
--- !u!212 &1061382976
SpriteRenderer:
  m_ObjectHideFlags: 0
  m_PrefabParentObject: {fileID: 21200010, guid: f16810b4e0a9b2d499d5a2397aed8fe5,
    type: 2}
  m_PrefabInternal: {fileID: 388073844}
  m_GameObject: {fileID: 1061382974}
  m_Enabled: 1
  m_CastShadows: 0
  m_ReceiveShadows: 0
  m_LightmapIndex: 255
  m_LightmapTilingOffset: {x: 1, y: 1, z: 0, w: 0}
  m_Materials:
  - {fileID: 10754, guid: 0000000000000000e000000000000000, type: 0}
  m_SubsetIndices: 
  m_StaticBatchRoot: {fileID: 0}
  m_UseLightProbes: 0
  m_LightProbeAnchor: {fileID: 0}
  m_ScaleInLightmap: 1
  m_SortingLayerID: 0
  m_SortingOrder: 0
  m_Sprite: {fileID: 21300000, guid: 13068e29fa38f7445b5a179ba1033969, type: 3}
  m_Color: {r: 1, g: 1, b: 1, a: 1}
--- !u!114 &1061382977
MonoBehaviour:
  m_ObjectHideFlags: 0
  m_PrefabParentObject: {fileID: 11400012, guid: f16810b4e0a9b2d499d5a2397aed8fe5,
    type: 2}
  m_PrefabInternal: {fileID: 388073844}
  m_GameObject: {fileID: 1061382974}
  m_Enabled: 1
  m_EditorHideFlags: 0
  m_Script: {fileID: 11500000, guid: e9cdbdd72bbb2ee4eb7a74b2466f7db2, type: 3}
  m_Name: 
  m_EditorClassIdentifier: 
  rotationPerSecond: 60
--- !u!1 &1173640769
GameObject:
  m_ObjectHideFlags: 0
  m_PrefabParentObject: {fileID: 100054, guid: f16810b4e0a9b2d499d5a2397aed8fe5, type: 2}
  m_PrefabInternal: {fileID: 388073844}
  serializedVersion: 4
  m_Component:
  - 4: {fileID: 1173640770}
  m_Layer: 0
  m_Name: Death
  m_TagString: Untagged
  m_Icon: {fileID: 0}
  m_NavMeshLayer: 0
  m_StaticEditorFlags: 0
  m_IsActive: 1
--- !u!4 &1173640770
Transform:
  m_ObjectHideFlags: 0
  m_PrefabParentObject: {fileID: 400054, guid: f16810b4e0a9b2d499d5a2397aed8fe5, type: 2}
  m_PrefabInternal: {fileID: 388073844}
  m_GameObject: {fileID: 1173640769}
  m_LocalRotation: {x: 0, y: 0, z: 0, w: 1}
  m_LocalPosition: {x: -.189999998, y: 9.34000015, z: -4.42999983}
  m_LocalScale: {x: 1, y: 1, z: 1}
  m_Children:
  - {fileID: 771928226}
  m_Father: {fileID: 0}
  m_RootOrder: 9
--- !u!1 &1184237478
GameObject:
  m_ObjectHideFlags: 0
  m_PrefabParentObject: {fileID: 100034, guid: f16810b4e0a9b2d499d5a2397aed8fe5, type: 2}
  m_PrefabInternal: {fileID: 388073844}
  serializedVersion: 4
  m_Component:
  - 4: {fileID: 1184237479}
  - 212: {fileID: 1184237480}
  m_Layer: 0
  m_Name: death__0000s_0000_platform
  m_TagString: Untagged
  m_Icon: {fileID: 0}
  m_NavMeshLayer: 0
  m_StaticEditorFlags: 0
  m_IsActive: 1
--- !u!4 &1184237479
Transform:
  m_ObjectHideFlags: 0
  m_PrefabParentObject: {fileID: 400034, guid: f16810b4e0a9b2d499d5a2397aed8fe5, type: 2}
  m_PrefabInternal: {fileID: 388073844}
  m_GameObject: {fileID: 1184237478}
  m_LocalRotation: {x: 0, y: 0, z: 0, w: 1}
  m_LocalPosition: {x: .0199999958, y: -.0600004196, z: -.599999905}
  m_LocalScale: {x: 1, y: 1, z: 1}
  m_Children:
  - {fileID: 982397465}
  - {fileID: 1262996149}
  m_Father: {fileID: 1490080626}
  m_RootOrder: 0
--- !u!212 &1184237480
SpriteRenderer:
  m_ObjectHideFlags: 0
  m_PrefabParentObject: {fileID: 21200020, guid: f16810b4e0a9b2d499d5a2397aed8fe5,
    type: 2}
  m_PrefabInternal: {fileID: 388073844}
  m_GameObject: {fileID: 1184237478}
  m_Enabled: 1
  m_CastShadows: 0
  m_ReceiveShadows: 0
  m_LightmapIndex: 255
  m_LightmapTilingOffset: {x: 1, y: 1, z: 0, w: 0}
  m_Materials:
  - {fileID: 10754, guid: 0000000000000000e000000000000000, type: 0}
  m_SubsetIndices: 
  m_StaticBatchRoot: {fileID: 0}
  m_UseLightProbes: 0
  m_LightProbeAnchor: {fileID: 0}
  m_ScaleInLightmap: 1
  m_SortingLayerID: 0
  m_SortingOrder: 0
  m_Sprite: {fileID: 21300000, guid: 05523d3e417a94e4995976036d4e0f54, type: 3}
  m_Color: {r: 1, g: 1, b: 1, a: 1}
--- !u!1 &1262996148
GameObject:
  m_ObjectHideFlags: 0
  m_PrefabParentObject: {fileID: 100056, guid: f16810b4e0a9b2d499d5a2397aed8fe5, type: 2}
  m_PrefabInternal: {fileID: 388073844}
  serializedVersion: 4
  m_Component:
  - 4: {fileID: 1262996149}
  - 212: {fileID: 1262996150}
  m_Layer: 0
  m_Name: death__0000s_0000_lever_bottom
  m_TagString: Untagged
  m_Icon: {fileID: 0}
  m_NavMeshLayer: 0
  m_StaticEditorFlags: 0
  m_IsActive: 1
--- !u!4 &1262996149
Transform:
  m_ObjectHideFlags: 0
  m_PrefabParentObject: {fileID: 400056, guid: f16810b4e0a9b2d499d5a2397aed8fe5, type: 2}
  m_PrefabInternal: {fileID: 388073844}
  m_GameObject: {fileID: 1262996148}
  m_LocalRotation: {x: 0, y: 0, z: 0, w: 1}
  m_LocalPosition: {x: 1.01900005, y: .453000009, z: .213}
  m_LocalScale: {x: 1, y: 1, z: 1}
  m_Children: []
  m_Father: {fileID: 1184237479}
  m_RootOrder: 1
--- !u!212 &1262996150
SpriteRenderer:
  m_ObjectHideFlags: 0
  m_PrefabParentObject: {fileID: 21200040, guid: f16810b4e0a9b2d499d5a2397aed8fe5,
    type: 2}
  m_PrefabInternal: {fileID: 388073844}
  m_GameObject: {fileID: 1262996148}
  m_Enabled: 1
  m_CastShadows: 0
  m_ReceiveShadows: 0
  m_LightmapIndex: 255
  m_LightmapTilingOffset: {x: 1, y: 1, z: 0, w: 0}
  m_Materials:
  - {fileID: 10754, guid: 0000000000000000e000000000000000, type: 0}
  m_SubsetIndices: 
  m_StaticBatchRoot: {fileID: 0}
  m_UseLightProbes: 0
  m_LightProbeAnchor: {fileID: 0}
  m_ScaleInLightmap: 1
  m_SortingLayerID: 0
  m_SortingOrder: 0
  m_Sprite: {fileID: 21300000, guid: 7e7561255c9bba6489f46f0f5a29c32b, type: 3}
  m_Color: {r: 1, g: 1, b: 1, a: 1}
--- !u!1 &1267600548
GameObject:
  m_ObjectHideFlags: 0
  m_PrefabParentObject: {fileID: 100050, guid: f16810b4e0a9b2d499d5a2397aed8fe5, type: 2}
  m_PrefabInternal: {fileID: 388073844}
  serializedVersion: 4
  m_Component:
  - 4: {fileID: 1267600549}
  - 212: {fileID: 1267600550}
  m_Layer: 0
  m_Name: elevator_preview
  m_TagString: Untagged
  m_Icon: {fileID: 0}
  m_NavMeshLayer: 0
  m_StaticEditorFlags: 0
  m_IsActive: 0
--- !u!4 &1267600549
Transform:
  m_ObjectHideFlags: 0
  m_PrefabParentObject: {fileID: 400050, guid: f16810b4e0a9b2d499d5a2397aed8fe5, type: 2}
  m_PrefabInternal: {fileID: 388073844}
  m_GameObject: {fileID: 1267600548}
  m_LocalRotation: {x: 0, y: 0, z: 0, w: 1}
  m_LocalPosition: {x: -6.2249999, y: .99000001, z: 0}
  m_LocalScale: {x: 1, y: 1, z: 1}
  m_Children: []
  m_Father: {fileID: 771928226}
  m_RootOrder: 0
--- !u!212 &1267600550
SpriteRenderer:
  m_ObjectHideFlags: 0
  m_PrefabParentObject: {fileID: 21200036, guid: f16810b4e0a9b2d499d5a2397aed8fe5,
    type: 2}
  m_PrefabInternal: {fileID: 388073844}
  m_GameObject: {fileID: 1267600548}
  m_Enabled: 1
  m_CastShadows: 0
  m_ReceiveShadows: 0
  m_LightmapIndex: 255
  m_LightmapTilingOffset: {x: 1, y: 1, z: 0, w: 0}
  m_Materials:
  - {fileID: 10754, guid: 0000000000000000e000000000000000, type: 0}
  m_SubsetIndices: 
  m_StaticBatchRoot: {fileID: 0}
  m_UseLightProbes: 0
  m_LightProbeAnchor: {fileID: 0}
  m_ScaleInLightmap: 1
  m_SortingLayerID: 0
  m_SortingOrder: 0
  m_Sprite: {fileID: 21300000, guid: 794e91f7d82898744aab322febe5062e, type: 3}
  m_Color: {r: 1, g: 1, b: 1, a: 1}
--- !u!1 &1286929564
GameObject:
  m_ObjectHideFlags: 0
  m_PrefabParentObject: {fileID: 100042, guid: f16810b4e0a9b2d499d5a2397aed8fe5, type: 2}
  m_PrefabInternal: {fileID: 388073844}
  serializedVersion: 4
  m_Component:
  - 4: {fileID: 1286929565}
  - 212: {fileID: 1286929566}
  m_Layer: 0
  m_Name: death__0001s_0004_bras_gauche_back
  m_TagString: Untagged
  m_Icon: {fileID: 0}
  m_NavMeshLayer: 0
  m_StaticEditorFlags: 0
  m_IsActive: 1
--- !u!4 &1286929565
Transform:
  m_ObjectHideFlags: 0
  m_PrefabParentObject: {fileID: 400042, guid: f16810b4e0a9b2d499d5a2397aed8fe5, type: 2}
  m_PrefabInternal: {fileID: 388073844}
  m_GameObject: {fileID: 1286929564}
  m_LocalRotation: {x: 0, y: 0, z: 0, w: 1}
  m_LocalPosition: {x: -.24000001, y: -.36000061, z: .159999847}
  m_LocalScale: {x: 1, y: 1, z: 1}
  m_Children: []
  m_Father: {fileID: 1291612142}
  m_RootOrder: 0
--- !u!212 &1286929566
SpriteRenderer:
  m_ObjectHideFlags: 0
  m_PrefabParentObject: {fileID: 21200028, guid: f16810b4e0a9b2d499d5a2397aed8fe5,
    type: 2}
  m_PrefabInternal: {fileID: 388073844}
  m_GameObject: {fileID: 1286929564}
  m_Enabled: 1
  m_CastShadows: 0
  m_ReceiveShadows: 0
  m_LightmapIndex: 255
  m_LightmapTilingOffset: {x: 1, y: 1, z: 0, w: 0}
  m_Materials:
  - {fileID: 10754, guid: 0000000000000000e000000000000000, type: 0}
  m_SubsetIndices: 
  m_StaticBatchRoot: {fileID: 0}
  m_UseLightProbes: 0
  m_LightProbeAnchor: {fileID: 0}
  m_ScaleInLightmap: 1
  m_SortingLayerID: 0
  m_SortingOrder: 0
  m_Sprite: {fileID: 21300000, guid: 0fa9a061cea56334393a766cbe4a7d1a, type: 3}
  m_Color: {r: 1, g: 1, b: 1, a: 1}
--- !u!1 &1291612141
GameObject:
  m_ObjectHideFlags: 0
  m_PrefabParentObject: {fileID: 100044, guid: f16810b4e0a9b2d499d5a2397aed8fe5, type: 2}
  m_PrefabInternal: {fileID: 388073844}
  serializedVersion: 4
  m_Component:
  - 4: {fileID: 1291612142}
  - 212: {fileID: 1291612143}
  m_Layer: 0
  m_Name: death__0001s_0003_bras_gauche
  m_TagString: Untagged
  m_Icon: {fileID: 0}
  m_NavMeshLayer: 0
  m_StaticEditorFlags: 0
  m_IsActive: 1
--- !u!4 &1291612142
Transform:
  m_ObjectHideFlags: 0
  m_PrefabParentObject: {fileID: 400044, guid: f16810b4e0a9b2d499d5a2397aed8fe5, type: 2}
  m_PrefabInternal: {fileID: 388073844}
  m_GameObject: {fileID: 1291612141}
  m_LocalRotation: {x: 0, y: 0, z: 0, w: 1}
  m_LocalPosition: {x: -.310000002, y: -.479999542, z: .275000095}
  m_LocalScale: {x: 1, y: 1, z: 1}
  m_Children:
  - {fileID: 1286929565}
  m_Father: {fileID: 211491939}
  m_RootOrder: 0
--- !u!212 &1291612143
SpriteRenderer:
  m_ObjectHideFlags: 0
  m_PrefabParentObject: {fileID: 21200030, guid: f16810b4e0a9b2d499d5a2397aed8fe5,
    type: 2}
  m_PrefabInternal: {fileID: 388073844}
  m_GameObject: {fileID: 1291612141}
  m_Enabled: 1
  m_CastShadows: 0
  m_ReceiveShadows: 0
  m_LightmapIndex: 255
  m_LightmapTilingOffset: {x: 1, y: 1, z: 0, w: 0}
  m_Materials:
  - {fileID: 10754, guid: 0000000000000000e000000000000000, type: 0}
  m_SubsetIndices: 
  m_StaticBatchRoot: {fileID: 0}
  m_UseLightProbes: 0
  m_LightProbeAnchor: {fileID: 0}
  m_ScaleInLightmap: 1
  m_SortingLayerID: 0
  m_SortingOrder: 0
  m_Sprite: {fileID: 21300000, guid: 6e3139935a955f04c87f070740704498, type: 3}
  m_Color: {r: 1, g: 1, b: 1, a: 1}
--- !u!1 &1381703322
GameObject:
  m_ObjectHideFlags: 0
  m_PrefabParentObject: {fileID: 0}
  m_PrefabInternal: {fileID: 0}
  serializedVersion: 4
  m_Component:
  - 4: {fileID: 1381703323}
  m_Layer: 0
  m_Name: PointInSpace
  m_TagString: Untagged
  m_Icon: {fileID: -1500306622, guid: 0000000000000000d000000000000000, type: 0}
  m_NavMeshLayer: 0
  m_StaticEditorFlags: 0
  m_IsActive: 1
--- !u!4 &1381703323
Transform:
  m_ObjectHideFlags: 0
  m_PrefabParentObject: {fileID: 0}
  m_PrefabInternal: {fileID: 0}
  m_GameObject: {fileID: 1381703322}
  m_LocalRotation: {x: 0, y: 0, z: 0, w: 1}
  m_LocalPosition: {x: -10.5699997, y: 6.17000008, z: 0}
  m_LocalScale: {x: 57.4693108, y: 19.85009, z: 1}
  m_Children: []
  m_Father: {fileID: 0}
  m_RootOrder: 0
--- !u!1001 &1422971379
Prefab:
  m_ObjectHideFlags: 0
  serializedVersion: 2
  m_Modification:
    m_TransformParent: {fileID: 0}
    m_Modifications:
    - target: {fileID: 400006, guid: 329bcc623dd7a7b4fa32ce42510d0686, type: 2}
      propertyPath: m_LocalPosition.x
      value: 4.80000019
      objectReference: {fileID: 0}
    - target: {fileID: 400006, guid: 329bcc623dd7a7b4fa32ce42510d0686, type: 2}
      propertyPath: m_LocalPosition.y
      value: .140000001
      objectReference: {fileID: 0}
    - target: {fileID: 400006, guid: 329bcc623dd7a7b4fa32ce42510d0686, type: 2}
      propertyPath: m_LocalPosition.z
      value: 0
      objectReference: {fileID: 0}
    - target: {fileID: 400006, guid: 329bcc623dd7a7b4fa32ce42510d0686, type: 2}
      propertyPath: m_LocalRotation.x
      value: 0
      objectReference: {fileID: 0}
    - target: {fileID: 400006, guid: 329bcc623dd7a7b4fa32ce42510d0686, type: 2}
      propertyPath: m_LocalRotation.y
      value: 0
      objectReference: {fileID: 0}
    - target: {fileID: 400006, guid: 329bcc623dd7a7b4fa32ce42510d0686, type: 2}
      propertyPath: m_LocalRotation.z
      value: 0
      objectReference: {fileID: 0}
    - target: {fileID: 400006, guid: 329bcc623dd7a7b4fa32ce42510d0686, type: 2}
      propertyPath: m_LocalRotation.w
      value: 1
      objectReference: {fileID: 0}
    - target: {fileID: 400006, guid: 329bcc623dd7a7b4fa32ce42510d0686, type: 2}
      propertyPath: m_RootOrder
      value: 10
      objectReference: {fileID: 0}
    - target: {fileID: 11400000, guid: 329bcc623dd7a7b4fa32ce42510d0686, type: 2}
      propertyPath: goAt
      value: 
      objectReference: {fileID: 492195778}
    m_RemovedComponents: []
  m_ParentPrefab: {fileID: 100100000, guid: 329bcc623dd7a7b4fa32ce42510d0686, type: 2}
  m_RootGameObject: {fileID: 920157346}
  m_IsPrefabParent: 0
  m_IsExploded: 1
--- !u!1 &1425554721
GameObject:
  m_ObjectHideFlags: 0
  m_PrefabParentObject: {fileID: 100040, guid: f16810b4e0a9b2d499d5a2397aed8fe5, type: 2}
  m_PrefabInternal: {fileID: 388073844}
  serializedVersion: 4
  m_Component:
  - 4: {fileID: 1425554722}
  - 212: {fileID: 1425554723}
  m_Layer: 0
  m_Name: death__0001s_0002_bras_droit_back
  m_TagString: Untagged
  m_Icon: {fileID: 0}
  m_NavMeshLayer: 0
  m_StaticEditorFlags: 0
  m_IsActive: 1
--- !u!4 &1425554722
Transform:
  m_ObjectHideFlags: 0
  m_PrefabParentObject: {fileID: 400040, guid: f16810b4e0a9b2d499d5a2397aed8fe5, type: 2}
  m_PrefabInternal: {fileID: 388073844}
  m_GameObject: {fileID: 1425554721}
  m_LocalRotation: {x: 0, y: 0, z: 0, w: 1}
  m_LocalPosition: {x: .289999962, y: -.359999657, z: .159999847}
  m_LocalScale: {x: 1, y: 1, z: 1}
  m_Children: []
  m_Father: {fileID: 1911243876}
  m_RootOrder: 0
--- !u!212 &1425554723
SpriteRenderer:
  m_ObjectHideFlags: 0
  m_PrefabParentObject: {fileID: 21200026, guid: f16810b4e0a9b2d499d5a2397aed8fe5,
    type: 2}
  m_PrefabInternal: {fileID: 388073844}
  m_GameObject: {fileID: 1425554721}
  m_Enabled: 1
  m_CastShadows: 0
  m_ReceiveShadows: 0
  m_LightmapIndex: 255
  m_LightmapTilingOffset: {x: 1, y: 1, z: 0, w: 0}
  m_Materials:
  - {fileID: 10754, guid: 0000000000000000e000000000000000, type: 0}
  m_SubsetIndices: 
  m_StaticBatchRoot: {fileID: 0}
  m_UseLightProbes: 0
  m_LightProbeAnchor: {fileID: 0}
  m_ScaleInLightmap: 1
  m_SortingLayerID: 0
  m_SortingOrder: 0
  m_Sprite: {fileID: 21300000, guid: abe15f1b449491844936e504ecd73a89, type: 3}
  m_Color: {r: 1, g: 1, b: 1, a: 1}
--- !u!1 &1490080625
GameObject:
  m_ObjectHideFlags: 0
  m_PrefabParentObject: {fileID: 100016, guid: f16810b4e0a9b2d499d5a2397aed8fe5, type: 2}
  m_PrefabInternal: {fileID: 388073844}
  serializedVersion: 4
  m_Component:
  - 4: {fileID: 1490080626}
  m_Layer: 0
  m_Name: Plaforme
  m_TagString: Untagged
  m_Icon: {fileID: 0}
  m_NavMeshLayer: 0
  m_StaticEditorFlags: 0
  m_IsActive: 1
--- !u!4 &1490080626
Transform:
  m_ObjectHideFlags: 0
  m_PrefabParentObject: {fileID: 400016, guid: f16810b4e0a9b2d499d5a2397aed8fe5, type: 2}
  m_PrefabInternal: {fileID: 388073844}
  m_GameObject: {fileID: 1490080625}
  m_LocalRotation: {x: 0, y: 0, z: 0, w: 1}
  m_LocalPosition: {x: 0, y: 0, z: 0}
  m_LocalScale: {x: 1, y: 1, z: 1}
  m_Children:
  - {fileID: 1184237479}
  - {fileID: 1010088617}
  m_Father: {fileID: 771928226}
  m_RootOrder: 2
--- !u!1 &1516951874
GameObject:
  m_ObjectHideFlags: 0
  m_PrefabParentObject: {fileID: 0}
  m_PrefabInternal: {fileID: 0}
  serializedVersion: 4
  m_Component:
  - 4: {fileID: 1516951875}
  - 33: {fileID: 1516951878}
  - 23: {fileID: 1516951877}
  - 68: {fileID: 1516951876}
  - 61: {fileID: 1516951879}
  m_Layer: 0
  m_Name: Ground
  m_TagString: Untagged
  m_Icon: {fileID: 0}
  m_NavMeshLayer: 0
  m_StaticEditorFlags: 0
  m_IsActive: 1
--- !u!4 &1516951875
Transform:
  m_ObjectHideFlags: 0
  m_PrefabParentObject: {fileID: 0}
  m_PrefabInternal: {fileID: 0}
  m_GameObject: {fileID: 1516951874}
  m_LocalRotation: {x: 0, y: 0, z: 0, w: 1}
  m_LocalPosition: {x: 0, y: -.449999988, z: 0}
  m_LocalScale: {x: 1, y: .0985267162, z: 1}
  m_Children: []
  m_Father: {fileID: 1812671980}
  m_RootOrder: 0
--- !u!68 &1516951876
EdgeCollider2D:
  m_ObjectHideFlags: 0
  m_PrefabParentObject: {fileID: 0}
  m_PrefabInternal: {fileID: 0}
  m_GameObject: {fileID: 1516951874}
  m_Enabled: 1
  m_Material: {fileID: 0}
  m_IsTrigger: 0
  m_Points:
  - {x: -.5, y: -.507045984}
  - {x: -.452811062, y: .384252548}
  - {x: .447789192, y: .400683254}
  - {x: .503746867, y: -.507045984}
--- !u!23 &1516951877
Renderer:
  m_ObjectHideFlags: 0
  m_PrefabParentObject: {fileID: 0}
  m_PrefabInternal: {fileID: 0}
  m_GameObject: {fileID: 1516951874}
  m_Enabled: 1
  m_CastShadows: 1
  m_ReceiveShadows: 1
  m_LightmapIndex: 255
  m_LightmapTilingOffset: {x: 1, y: 1, z: 0, w: 0}
  m_Materials:
  - {fileID: 10302, guid: 0000000000000000f000000000000000, type: 0}
  m_SubsetIndices: 
  m_StaticBatchRoot: {fileID: 0}
  m_UseLightProbes: 0
  m_LightProbeAnchor: {fileID: 0}
  m_ScaleInLightmap: 1
  m_SortingLayerID: 0
  m_SortingOrder: 0
--- !u!33 &1516951878
MeshFilter:
  m_ObjectHideFlags: 0
  m_PrefabParentObject: {fileID: 0}
  m_PrefabInternal: {fileID: 0}
  m_GameObject: {fileID: 1516951874}
  m_Mesh: {fileID: 10202, guid: 0000000000000000e000000000000000, type: 0}
--- !u!61 &1516951879
BoxCollider2D:
  m_ObjectHideFlags: 0
  m_PrefabParentObject: {fileID: 0}
  m_PrefabInternal: {fileID: 0}
  m_GameObject: {fileID: 1516951874}
  m_Enabled: 1
  m_Material: {fileID: 0}
  m_IsTrigger: 0
  m_Size: {x: .933038056, y: 1}
  m_Center: {x: .00837025698, y: 1.81487758e-06}
--- !u!1 &1547528316
GameObject:
  m_ObjectHideFlags: 0
  m_PrefabParentObject: {fileID: 0}
  m_PrefabInternal: {fileID: 0}
  serializedVersion: 4
  m_Component:
  - 4: {fileID: 1547528321}
  - 20: {fileID: 1547528320}
  - 92: {fileID: 1547528319}
  - 124: {fileID: 1547528318}
  - 81: {fileID: 1547528317}
  m_Layer: 0
  m_Name: Main Camera
  m_TagString: MainCamera
  m_Icon: {fileID: 0}
  m_NavMeshLayer: 0
  m_StaticEditorFlags: 0
  m_IsActive: 1
--- !u!81 &1547528317
AudioListener:
  m_ObjectHideFlags: 0
  m_PrefabParentObject: {fileID: 0}
  m_PrefabInternal: {fileID: 0}
  m_GameObject: {fileID: 1547528316}
  m_Enabled: 1
--- !u!124 &1547528318
Behaviour:
  m_ObjectHideFlags: 0
  m_PrefabParentObject: {fileID: 0}
  m_PrefabInternal: {fileID: 0}
  m_GameObject: {fileID: 1547528316}
  m_Enabled: 1
--- !u!92 &1547528319
Behaviour:
  m_ObjectHideFlags: 0
  m_PrefabParentObject: {fileID: 0}
  m_PrefabInternal: {fileID: 0}
  m_GameObject: {fileID: 1547528316}
  m_Enabled: 1
--- !u!20 &1547528320
Camera:
  m_ObjectHideFlags: 0
  m_PrefabParentObject: {fileID: 0}
  m_PrefabInternal: {fileID: 0}
  m_GameObject: {fileID: 1547528316}
  m_Enabled: 1
  serializedVersion: 2
  m_ClearFlags: 1
  m_BackGroundColor: {r: .192156866, g: .301960796, b: .474509805, a: .0196078438}
  m_NormalizedViewPortRect:
    serializedVersion: 2
    x: 0
    y: 0
    width: 1
    height: 1
  near clip plane: .300000012
  far clip plane: 1000
  field of view: 60
  orthographic: 1
  orthographic size: 1.74000001
  m_Depth: -1
  m_CullingMask:
    serializedVersion: 2
    m_Bits: 4294967295
  m_RenderingPath: -1
  m_TargetTexture: {fileID: 0}
  m_TargetDisplay: 0
  m_HDR: 0
  m_OcclusionCulling: 1
  m_StereoConvergence: 10
  m_StereoSeparation: .0219999999
--- !u!4 &1547528321
Transform:
  m_ObjectHideFlags: 0
  m_PrefabParentObject: {fileID: 0}
  m_PrefabInternal: {fileID: 0}
  m_GameObject: {fileID: 1547528316}
  m_LocalRotation: {x: 0, y: 0, z: 0, w: 1}
  m_LocalPosition: {x: 4.96999979, y: 1.49000001, z: -10}
  m_LocalScale: {x: 1, y: 1, z: 1}
  m_Children: []
  m_Father: {fileID: 0}
  m_RootOrder: 1
--- !u!1 &1704079067
GameObject:
  m_ObjectHideFlags: 0
  m_PrefabParentObject: {fileID: 100022, guid: f16810b4e0a9b2d499d5a2397aed8fe5, type: 2}
  m_PrefabInternal: {fileID: 388073844}
  serializedVersion: 4
  m_Component:
  - 4: {fileID: 1704079069}
  - 212: {fileID: 1704079068}
  - 114: {fileID: 1704079070}
  m_Layer: 0
  m_Name: death__0002s_0002_engrenage2
  m_TagString: Untagged
  m_Icon: {fileID: 0}
  m_NavMeshLayer: 0
  m_StaticEditorFlags: 0
  m_IsActive: 1
--- !u!212 &1704079068
SpriteRenderer:
  m_ObjectHideFlags: 0
  m_PrefabParentObject: {fileID: 21200008, guid: f16810b4e0a9b2d499d5a2397aed8fe5,
    type: 2}
  m_PrefabInternal: {fileID: 388073844}
  m_GameObject: {fileID: 1704079067}
  m_Enabled: 1
  m_CastShadows: 0
  m_ReceiveShadows: 0
  m_LightmapIndex: 255
  m_LightmapTilingOffset: {x: 1, y: 1, z: 0, w: 0}
  m_Materials:
  - {fileID: 10754, guid: 0000000000000000e000000000000000, type: 0}
  m_SubsetIndices: 
  m_StaticBatchRoot: {fileID: 0}
  m_UseLightProbes: 0
  m_LightProbeAnchor: {fileID: 0}
  m_ScaleInLightmap: 1
  m_SortingLayerID: 0
  m_SortingOrder: 0
  m_Sprite: {fileID: 21300000, guid: 6a9b863fe6612a7418b15992146441c7, type: 3}
  m_Color: {r: 1, g: 1, b: 1, a: 1}
--- !u!4 &1704079069
Transform:
  m_ObjectHideFlags: 0
  m_PrefabParentObject: {fileID: 400022, guid: f16810b4e0a9b2d499d5a2397aed8fe5, type: 2}
  m_PrefabInternal: {fileID: 388073844}
  m_GameObject: {fileID: 1704079067}
  m_LocalRotation: {x: 0, y: 0, z: 0, w: 1}
  m_LocalPosition: {x: .778999984, y: -.515999794, z: .157000065}
  m_LocalScale: {x: 1, y: 1, z: 1}
  m_Children: []
  m_Father: {fileID: 1010088617}
  m_RootOrder: 5
--- !u!114 &1704079070
MonoBehaviour:
  m_ObjectHideFlags: 0
  m_PrefabParentObject: {fileID: 11400014, guid: f16810b4e0a9b2d499d5a2397aed8fe5,
    type: 2}
  m_PrefabInternal: {fileID: 388073844}
  m_GameObject: {fileID: 1704079067}
  m_Enabled: 1
  m_EditorHideFlags: 0
  m_Script: {fileID: 11500000, guid: e9cdbdd72bbb2ee4eb7a74b2466f7db2, type: 3}
  m_Name: 
  m_EditorClassIdentifier: 
  rotationPerSecond: -35
--- !u!1 &1736221078
GameObject:
  m_ObjectHideFlags: 0
  m_PrefabParentObject: {fileID: 100012, guid: f16810b4e0a9b2d499d5a2397aed8fe5, type: 2}
  m_PrefabInternal: {fileID: 388073844}
  serializedVersion: 4
  m_Component:
  - 4: {fileID: 1736221079}
  m_Layer: 0
  m_Name: DeathBody
  m_TagString: Untagged
  m_Icon: {fileID: 0}
  m_NavMeshLayer: 0
  m_StaticEditorFlags: 0
  m_IsActive: 1
--- !u!4 &1736221079
Transform:
  m_ObjectHideFlags: 0
  m_PrefabParentObject: {fileID: 400012, guid: f16810b4e0a9b2d499d5a2397aed8fe5, type: 2}
  m_PrefabInternal: {fileID: 388073844}
  m_GameObject: {fileID: 1736221078}
  m_LocalRotation: {x: 0, y: 0, z: 0, w: 1}
  m_LocalPosition: {x: 0, y: 0, z: 0}
  m_LocalScale: {x: 1, y: 1, z: 1}
  m_Children:
  - {fileID: 2110179581}
  - {fileID: 162412022}
  - {fileID: 764604566}
  m_Father: {fileID: 771928226}
  m_RootOrder: 1
--- !u!1 &1757606736
GameObject:
  m_ObjectHideFlags: 0
  m_PrefabParentObject: {fileID: 100038, guid: f16810b4e0a9b2d499d5a2397aed8fe5, type: 2}
  m_PrefabInternal: {fileID: 388073844}
  serializedVersion: 4
  m_Component:
  - 4: {fileID: 1757606737}
  - 212: {fileID: 1757606738}
  m_Layer: 0
  m_Name: death__0000s_0001_lever
  m_TagString: Untagged
  m_Icon: {fileID: 0}
  m_NavMeshLayer: 0
  m_StaticEditorFlags: 0
  m_IsActive: 1
--- !u!4 &1757606737
Transform:
  m_ObjectHideFlags: 0
  m_PrefabParentObject: {fileID: 400038, guid: f16810b4e0a9b2d499d5a2397aed8fe5, type: 2}
  m_PrefabInternal: {fileID: 388073844}
  m_GameObject: {fileID: 1757606736}
  m_LocalRotation: {x: 0, y: 0, z: 0, w: 1}
  m_LocalPosition: {x: .790000081, y: -1, z: .349999905}
  m_LocalScale: {x: 1, y: 1, z: 1}
  m_Children:
  - {fileID: 1961763661}
  - {fileID: 530507257}
  m_Father: {fileID: 764604566}
  m_RootOrder: 0
--- !u!212 &1757606738
SpriteRenderer:
  m_ObjectHideFlags: 0
  m_PrefabParentObject: {fileID: 21200024, guid: f16810b4e0a9b2d499d5a2397aed8fe5,
    type: 2}
  m_PrefabInternal: {fileID: 388073844}
  m_GameObject: {fileID: 1757606736}
  m_Enabled: 1
  m_CastShadows: 0
  m_ReceiveShadows: 0
  m_LightmapIndex: 255
  m_LightmapTilingOffset: {x: 1, y: 1, z: 0, w: 0}
  m_Materials:
  - {fileID: 10754, guid: 0000000000000000e000000000000000, type: 0}
  m_SubsetIndices: 
  m_StaticBatchRoot: {fileID: 0}
  m_UseLightProbes: 0
  m_LightProbeAnchor: {fileID: 0}
  m_ScaleInLightmap: 1
  m_SortingLayerID: 0
  m_SortingOrder: 0
  m_Sprite: {fileID: 21300000, guid: 5a044af1635502548b7143ecd0d1a8cc, type: 3}
  m_Color: {r: 1, g: 1, b: 1, a: 1}
--- !u!1 &1812671976
GameObject:
  m_ObjectHideFlags: 0
  m_PrefabParentObject: {fileID: 0}
  m_PrefabInternal: {fileID: 0}
  serializedVersion: 4
  m_Component:
  - 4: {fileID: 1812671980}
  - 33: {fileID: 1812671979}
  - 23: {fileID: 1812671978}
  - 50: {fileID: 1812671977}
  - 58: {fileID: 1812671981}
  - 114: {fileID: 1812671982}
  m_Layer: 0
  m_Name: Elevator
  m_TagString: Player
  m_Icon: {fileID: 0}
  m_NavMeshLayer: 0
  m_StaticEditorFlags: 0
  m_IsActive: 1
--- !u!50 &1812671977
Rigidbody2D:
  m_ObjectHideFlags: 0
  m_PrefabParentObject: {fileID: 0}
  m_PrefabInternal: {fileID: 0}
  m_GameObject: {fileID: 1812671976}
  m_Mass: 1
  m_LinearDrag: 0
  m_AngularDrag: .0500000007
  m_GravityScale: .200000003
  m_FixedAngle: 0
  m_IsKinematic: 0
  m_Interpolate: 0
  m_SleepingMode: 1
  m_CollisionDetection: 0
--- !u!23 &1812671978
Renderer:
  m_ObjectHideFlags: 0
  m_PrefabParentObject: {fileID: 0}
  m_PrefabInternal: {fileID: 0}
  m_GameObject: {fileID: 1812671976}
  m_Enabled: 1
  m_CastShadows: 1
  m_ReceiveShadows: 1
  m_LightmapIndex: 255
  m_LightmapTilingOffset: {x: 1, y: 1, z: 0, w: 0}
  m_Materials:
  - {fileID: 10302, guid: 0000000000000000f000000000000000, type: 0}
  m_SubsetIndices: 
  m_StaticBatchRoot: {fileID: 0}
  m_UseLightProbes: 0
  m_LightProbeAnchor: {fileID: 0}
  m_ScaleInLightmap: 1
  m_SortingLayerID: 0
  m_SortingOrder: 0
--- !u!33 &1812671979
MeshFilter:
  m_ObjectHideFlags: 0
  m_PrefabParentObject: {fileID: 0}
  m_PrefabInternal: {fileID: 0}
  m_GameObject: {fileID: 1812671976}
  m_Mesh: {fileID: 10202, guid: 0000000000000000e000000000000000, type: 0}
--- !u!4 &1812671980
Transform:
  m_ObjectHideFlags: 0
  m_PrefabParentObject: {fileID: 0}
  m_PrefabInternal: {fileID: 0}
  m_GameObject: {fileID: 1812671976}
  m_LocalRotation: {x: 0, y: 0, z: 0, w: 1}
  m_LocalPosition: {x: .150000006, y: 5.36999989, z: 0}
  m_LocalScale: {x: 5, y: 1, z: 1}
  m_Children:
  - {fileID: 1516951875}
  m_Father: {fileID: 0}
  m_RootOrder: 4
--- !u!58 &1812671981
CircleCollider2D:
  m_ObjectHideFlags: 0
  m_PrefabParentObject: {fileID: 0}
  m_PrefabInternal: {fileID: 0}
  m_GameObject: {fileID: 1812671976}
  m_Enabled: 1
  m_Material: {fileID: 0}
  m_IsTrigger: 1
  m_Radius: .5
  m_Center: {x: 0, y: 1.64999998}
--- !u!114 &1812671982
MonoBehaviour:
  m_ObjectHideFlags: 0
  m_PrefabParentObject: {fileID: 0}
  m_PrefabInternal: {fileID: 0}
  m_GameObject: {fileID: 1812671976}
  m_Enabled: 1
  m_EditorHideFlags: 0
  m_Script: {fileID: 11500000, guid: 1638d0fe742efd74aa0eebd6cf5f4acb, type: 3}
  m_Name: 
  m_EditorClassIdentifier: 
  power: 1000
--- !u!1 &1817141995
GameObject:
  m_ObjectHideFlags: 0
  m_PrefabParentObject: {fileID: 100000, guid: f16810b4e0a9b2d499d5a2397aed8fe5, type: 2}
  m_PrefabInternal: {fileID: 388073844}
  serializedVersion: 4
  m_Component:
  - 4: {fileID: 1817141996}
  - 212: {fileID: 1817141997}
  m_Layer: 0
  m_Name: death__0001s_0001_os_bras_droit
  m_TagString: Untagged
  m_Icon: {fileID: 0}
  m_NavMeshLayer: 0
  m_StaticEditorFlags: 0
  m_IsActive: 1
--- !u!4 &1817141996
Transform:
  m_ObjectHideFlags: 0
  m_PrefabParentObject: {fileID: 400000, guid: f16810b4e0a9b2d499d5a2397aed8fe5, type: 2}
  m_PrefabInternal: {fileID: 388073844}
  m_GameObject: {fileID: 1817141995}
  m_LocalRotation: {x: 0, y: 0, z: 0, w: 1}
  m_LocalPosition: {x: -.189999998, y: .302999496, z: .0500001907}
  m_LocalScale: {x: 1, y: 1, z: 1}
  m_Children: []
  m_Father: {fileID: 568390751}
  m_RootOrder: 0
--- !u!212 &1817141997
SpriteRenderer:
  m_ObjectHideFlags: 0
  m_PrefabParentObject: {fileID: 21200000, guid: f16810b4e0a9b2d499d5a2397aed8fe5,
    type: 2}
  m_PrefabInternal: {fileID: 388073844}
  m_GameObject: {fileID: 1817141995}
  m_Enabled: 1
  m_CastShadows: 0
  m_ReceiveShadows: 0
  m_LightmapIndex: 255
  m_LightmapTilingOffset: {x: 1, y: 1, z: 0, w: 0}
  m_Materials:
  - {fileID: 10754, guid: 0000000000000000e000000000000000, type: 0}
  m_SubsetIndices: 
  m_StaticBatchRoot: {fileID: 0}
  m_UseLightProbes: 0
  m_LightProbeAnchor: {fileID: 0}
  m_ScaleInLightmap: 1
  m_SortingLayerID: 0
  m_SortingOrder: 0
  m_Sprite: {fileID: 21300000, guid: 8d52f5aaa409a984d9a6a9e548cf803c, type: 3}
  m_Color: {r: 1, g: 1, b: 1, a: 1}
--- !u!1 &1818038565
GameObject:
  m_ObjectHideFlags: 0
  m_PrefabParentObject: {fileID: 100004, guid: 329bcc623dd7a7b4fa32ce42510d0686, type: 2}
  m_PrefabInternal: {fileID: 1422971379}
  serializedVersion: 4
  m_Component:
  - 4: {fileID: 1818038566}
  m_Layer: 0
  m_Name: 2D
  m_TagString: Untagged
  m_Icon: {fileID: 0}
  m_NavMeshLayer: 0
  m_StaticEditorFlags: 0
  m_IsActive: 1
--- !u!4 &1818038566
Transform:
  m_ObjectHideFlags: 0
  m_PrefabParentObject: {fileID: 400004, guid: 329bcc623dd7a7b4fa32ce42510d0686, type: 2}
  m_PrefabInternal: {fileID: 1422971379}
  m_GameObject: {fileID: 1818038565}
  m_LocalRotation: {x: 0, y: 0, z: 0, w: 1}
  m_LocalPosition: {x: 0, y: 0, z: 0}
  m_LocalScale: {x: 1, y: 1, z: 1}
  m_Children:
  - {fileID: 154175333}
  - {fileID: 820508581}
  m_Father: {fileID: 920157347}
  m_RootOrder: 0
--- !u!1 &1826279148
GameObject:
  m_ObjectHideFlags: 0
  m_PrefabParentObject: {fileID: 0}
  m_PrefabInternal: {fileID: 0}
  serializedVersion: 4
  m_Component:
  - 4: {fileID: 1826279153}
  - 33: {fileID: 1826279152}
  - 23: {fileID: 1826279151}
  - 58: {fileID: 1826279150}
  - 50: {fileID: 1826279149}
  - 114: {fileID: 1826279155}
  - 114: {fileID: 1826279154}
  m_Layer: 0
  m_Name: Soul
  m_TagString: Untagged
  m_Icon: {fileID: 0}
  m_NavMeshLayer: 0
  m_StaticEditorFlags: 0
  m_IsActive: 1
--- !u!50 &1826279149
Rigidbody2D:
  m_ObjectHideFlags: 0
  m_PrefabParentObject: {fileID: 0}
  m_PrefabInternal: {fileID: 0}
  m_GameObject: {fileID: 1826279148}
  m_Mass: .00999999978
  m_LinearDrag: 0
  m_AngularDrag: .200000003
  m_GravityScale: 1
  m_FixedAngle: 1
  m_IsKinematic: 0
  m_Interpolate: 0
  m_SleepingMode: 1
  m_CollisionDetection: 0
--- !u!58 &1826279150
CircleCollider2D:
  m_ObjectHideFlags: 0
  m_PrefabParentObject: {fileID: 0}
  m_PrefabInternal: {fileID: 0}
  m_GameObject: {fileID: 1826279148}
  m_Enabled: 1
  m_Material: {fileID: 0}
  m_IsTrigger: 0
  m_Radius: .270000011
  m_Center: {x: 0, y: -.239999995}
--- !u!23 &1826279151
Renderer:
  m_ObjectHideFlags: 0
  m_PrefabParentObject: {fileID: 0}
  m_PrefabInternal: {fileID: 0}
  m_GameObject: {fileID: 1826279148}
  m_Enabled: 1
  m_CastShadows: 1
  m_ReceiveShadows: 1
  m_LightmapIndex: 255
  m_LightmapTilingOffset: {x: 1, y: 1, z: 0, w: 0}
  m_Materials:
  - {fileID: 10302, guid: 0000000000000000f000000000000000, type: 0}
  m_SubsetIndices: 
  m_StaticBatchRoot: {fileID: 0}
  m_UseLightProbes: 0
  m_LightProbeAnchor: {fileID: 0}
  m_ScaleInLightmap: 1
  m_SortingLayerID: 0
  m_SortingOrder: 0
--- !u!33 &1826279152
MeshFilter:
  m_ObjectHideFlags: 0
  m_PrefabParentObject: {fileID: 0}
  m_PrefabInternal: {fileID: 0}
  m_GameObject: {fileID: 1826279148}
  m_Mesh: {fileID: 10202, guid: 0000000000000000e000000000000000, type: 0}
--- !u!4 &1826279153
Transform:
  m_ObjectHideFlags: 0
  m_PrefabParentObject: {fileID: 0}
  m_PrefabInternal: {fileID: 0}
  m_GameObject: {fileID: 1826279148}
  m_LocalRotation: {x: 0, y: 0, z: 0, w: 1}
  m_LocalPosition: {x: -6.19000006, y: 1.12, z: 0}
  m_LocalScale: {x: .812506974, y: 1.48282516, z: .812507033}
  m_Children: []
  m_Father: {fileID: 0}
  m_RootOrder: 2
--- !u!114 &1826279154
MonoBehaviour:
  m_ObjectHideFlags: 0
  m_PrefabParentObject: {fileID: 0}
  m_PrefabInternal: {fileID: 0}
  m_GameObject: {fileID: 1826279148}
  m_Enabled: 1
  m_EditorHideFlags: 0
  m_Script: {fileID: 11500000, guid: 186baa47b105867438b8b9e59ef75203, type: 3}
  m_Name: 
  m_EditorClassIdentifier: 
  moveScriptManager: {fileID: 1826279155}
  stopMoveWhenDisable: 1
--- !u!114 &1826279155
MonoBehaviour:
  m_ObjectHideFlags: 0
  m_PrefabParentObject: {fileID: 0}
  m_PrefabInternal: {fileID: 0}
  m_GameObject: {fileID: 1826279148}
  m_Enabled: 1
  m_EditorHideFlags: 0
  m_Script: {fileID: 11500000, guid: 36af094c6b8b3894795abaf96cae1076, type: 3}
  m_Name: 
  m_EditorClassIdentifier: 
  goAt: {fileID: 0}
  distanceToBeThere: 1
  reduceMoveWhenThere: 9
  force: 2
  wantedSpeed: 1
--- !u!1 &1911243875
GameObject:
  m_ObjectHideFlags: 0
  m_PrefabParentObject: {fileID: 100046, guid: f16810b4e0a9b2d499d5a2397aed8fe5, type: 2}
  m_PrefabInternal: {fileID: 388073844}
  serializedVersion: 4
  m_Component:
  - 4: {fileID: 1911243876}
  - 212: {fileID: 1911243877}
  m_Layer: 0
  m_Name: death__0001s_0000_bras_droit
  m_TagString: Untagged
  m_Icon: {fileID: 0}
  m_NavMeshLayer: 0
  m_StaticEditorFlags: 0
  m_IsActive: 1
--- !u!4 &1911243876
Transform:
  m_ObjectHideFlags: 0
  m_PrefabParentObject: {fileID: 400046, guid: f16810b4e0a9b2d499d5a2397aed8fe5, type: 2}
  m_PrefabInternal: {fileID: 388073844}
  m_GameObject: {fileID: 1911243875}
  m_LocalRotation: {x: 0, y: 0, z: 0, w: 1}
  m_LocalPosition: {x: .26000002, y: -.550000191, z: .275000095}
  m_LocalScale: {x: 1, y: 1, z: 1}
  m_Children:
  - {fileID: 1425554722}
  m_Father: {fileID: 250182713}
  m_RootOrder: 0
--- !u!212 &1911243877
SpriteRenderer:
  m_ObjectHideFlags: 0
  m_PrefabParentObject: {fileID: 21200032, guid: f16810b4e0a9b2d499d5a2397aed8fe5,
    type: 2}
  m_PrefabInternal: {fileID: 388073844}
  m_GameObject: {fileID: 1911243875}
  m_Enabled: 1
  m_CastShadows: 0
  m_ReceiveShadows: 0
  m_LightmapIndex: 255
  m_LightmapTilingOffset: {x: 1, y: 1, z: 0, w: 0}
  m_Materials:
  - {fileID: 10754, guid: 0000000000000000e000000000000000, type: 0}
  m_SubsetIndices: 
  m_StaticBatchRoot: {fileID: 0}
  m_UseLightProbes: 0
  m_LightProbeAnchor: {fileID: 0}
  m_ScaleInLightmap: 1
  m_SortingLayerID: 0
  m_SortingOrder: 0
  m_Sprite: {fileID: 21300000, guid: 5f829cc552eaf07469bc96b26749b5fe, type: 3}
  m_Color: {r: 1, g: 1, b: 1, a: 1}
--- !u!1 &1917943735
GameObject:
  m_ObjectHideFlags: 0
  m_PrefabParentObject: {fileID: 100026, guid: f16810b4e0a9b2d499d5a2397aed8fe5, type: 2}
  m_PrefabInternal: {fileID: 388073844}
  serializedVersion: 4
  m_Component:
  - 4: {fileID: 1917943736}
  - 212: {fileID: 1917943737}
  - 114: {fileID: 1917943738}
  m_Layer: 0
  m_Name: death__0002s_0003_engrenage1
  m_TagString: Untagged
  m_Icon: {fileID: 0}
  m_NavMeshLayer: 0
  m_StaticEditorFlags: 0
  m_IsActive: 1
--- !u!4 &1917943736
Transform:
  m_ObjectHideFlags: 0
  m_PrefabParentObject: {fileID: 400026, guid: f16810b4e0a9b2d499d5a2397aed8fe5, type: 2}
  m_PrefabInternal: {fileID: 388073844}
  m_GameObject: {fileID: 1917943735}
  m_LocalRotation: {x: 0, y: 0, z: 0, w: 1}
  m_LocalPosition: {x: -1.45000005, y: -.56000042, z: -.119999886}
  m_LocalScale: {x: 1, y: 1, z: 1}
  m_Children: []
  m_Father: {fileID: 1010088617}
  m_RootOrder: 3
--- !u!212 &1917943737
SpriteRenderer:
  m_ObjectHideFlags: 0
  m_PrefabParentObject: {fileID: 21200012, guid: f16810b4e0a9b2d499d5a2397aed8fe5,
    type: 2}
  m_PrefabInternal: {fileID: 388073844}
  m_GameObject: {fileID: 1917943735}
  m_Enabled: 1
  m_CastShadows: 0
  m_ReceiveShadows: 0
  m_LightmapIndex: 255
  m_LightmapTilingOffset: {x: 1, y: 1, z: 0, w: 0}
  m_Materials:
  - {fileID: 10754, guid: 0000000000000000e000000000000000, type: 0}
  m_SubsetIndices: 
  m_StaticBatchRoot: {fileID: 0}
  m_UseLightProbes: 0
  m_LightProbeAnchor: {fileID: 0}
  m_ScaleInLightmap: 1
  m_SortingLayerID: 0
  m_SortingOrder: 0
  m_Sprite: {fileID: 21300000, guid: 6a5d4aa9522c45c4f9843805aef3c019, type: 3}
  m_Color: {r: 1, g: 1, b: 1, a: 1}
--- !u!114 &1917943738
MonoBehaviour:
  m_ObjectHideFlags: 0
  m_PrefabParentObject: {fileID: 11400010, guid: f16810b4e0a9b2d499d5a2397aed8fe5,
    type: 2}
  m_PrefabInternal: {fileID: 388073844}
  m_GameObject: {fileID: 1917943735}
  m_Enabled: 1
  m_EditorHideFlags: 0
  m_Script: {fileID: 11500000, guid: e9cdbdd72bbb2ee4eb7a74b2466f7db2, type: 3}
  m_Name: 
  m_EditorClassIdentifier: 
  rotationPerSecond: 30
--- !u!1 &1961763660
GameObject:
  m_ObjectHideFlags: 0
  m_PrefabParentObject: {fileID: 100002, guid: f16810b4e0a9b2d499d5a2397aed8fe5, type: 2}
  m_PrefabInternal: {fileID: 388073844}
  serializedVersion: 4
  m_Component:
  - 4: {fileID: 1961763661}
  - 212: {fileID: 1961763662}
  m_Layer: 0
  m_Name: death__0001s_0001_os_bras_droit
  m_TagString: Untagged
  m_Icon: {fileID: 0}
  m_NavMeshLayer: 0
  m_StaticEditorFlags: 0
  m_IsActive: 1
--- !u!4 &1961763661
Transform:
  m_ObjectHideFlags: 0
  m_PrefabParentObject: {fileID: 400002, guid: f16810b4e0a9b2d499d5a2397aed8fe5, type: 2}
  m_PrefabInternal: {fileID: 388073844}
  m_GameObject: {fileID: 1961763660}
  m_LocalRotation: {x: 0, y: 0, z: 0, w: 1}
  m_LocalPosition: {x: -.195000052, y: .300000429, z: .0510001183}
  m_LocalScale: {x: 1, y: 1, z: 1}
  m_Children: []
  m_Father: {fileID: 1757606737}
  m_RootOrder: 0
--- !u!212 &1961763662
SpriteRenderer:
  m_ObjectHideFlags: 0
  m_PrefabParentObject: {fileID: 21200002, guid: f16810b4e0a9b2d499d5a2397aed8fe5,
    type: 2}
  m_PrefabInternal: {fileID: 388073844}
  m_GameObject: {fileID: 1961763660}
  m_Enabled: 1
  m_CastShadows: 0
  m_ReceiveShadows: 0
  m_LightmapIndex: 255
  m_LightmapTilingOffset: {x: 1, y: 1, z: 0, w: 0}
  m_Materials:
  - {fileID: 10754, guid: 0000000000000000e000000000000000, type: 0}
  m_SubsetIndices: 
  m_StaticBatchRoot: {fileID: 0}
  m_UseLightProbes: 0
  m_LightProbeAnchor: {fileID: 0}
  m_ScaleInLightmap: 1
  m_SortingLayerID: 0
  m_SortingOrder: 0
  m_Sprite: {fileID: 21300000, guid: 8d52f5aaa409a984d9a6a9e548cf803c, type: 3}
  m_Color: {r: 1, g: 1, b: 1, a: 1}
--- !u!1 &2033720274
GameObject:
  m_ObjectHideFlags: 0
  m_PrefabParentObject: {fileID: 100028, guid: f16810b4e0a9b2d499d5a2397aed8fe5, type: 2}
  m_PrefabInternal: {fileID: 388073844}
  serializedVersion: 4
  m_Component:
  - 4: {fileID: 2033720275}
  - 212: {fileID: 2033720276}
  - 114: {fileID: 2033720277}
  m_Layer: 0
  m_Name: death__0002s_0003_engrenage1
  m_TagString: Untagged
  m_Icon: {fileID: 0}
  m_NavMeshLayer: 0
  m_StaticEditorFlags: 0
  m_IsActive: 1
--- !u!4 &2033720275
Transform:
  m_ObjectHideFlags: 0
  m_PrefabParentObject: {fileID: 400028, guid: f16810b4e0a9b2d499d5a2397aed8fe5, type: 2}
  m_PrefabInternal: {fileID: 388073844}
  m_GameObject: {fileID: 2033720274}
  m_LocalRotation: {x: 0, y: 0, z: 0, w: 1}
  m_LocalPosition: {x: 1.42600012, y: -.559000015, z: -.122000217}
  m_LocalScale: {x: 1, y: 1, z: 1}
  m_Children: []
  m_Father: {fileID: 1010088617}
  m_RootOrder: 2
--- !u!212 &2033720276
SpriteRenderer:
  m_ObjectHideFlags: 0
  m_PrefabParentObject: {fileID: 21200014, guid: f16810b4e0a9b2d499d5a2397aed8fe5,
    type: 2}
  m_PrefabInternal: {fileID: 388073844}
  m_GameObject: {fileID: 2033720274}
  m_Enabled: 1
  m_CastShadows: 0
  m_ReceiveShadows: 0
  m_LightmapIndex: 255
  m_LightmapTilingOffset: {x: 1, y: 1, z: 0, w: 0}
  m_Materials:
  - {fileID: 10754, guid: 0000000000000000e000000000000000, type: 0}
  m_SubsetIndices: 
  m_StaticBatchRoot: {fileID: 0}
  m_UseLightProbes: 0
  m_LightProbeAnchor: {fileID: 0}
  m_ScaleInLightmap: 1
  m_SortingLayerID: 0
  m_SortingOrder: 0
  m_Sprite: {fileID: 21300000, guid: 6a5d4aa9522c45c4f9843805aef3c019, type: 3}
  m_Color: {r: 1, g: 1, b: 1, a: 1}
--- !u!114 &2033720277
MonoBehaviour:
  m_ObjectHideFlags: 0
  m_PrefabParentObject: {fileID: 11400008, guid: f16810b4e0a9b2d499d5a2397aed8fe5,
    type: 2}
  m_PrefabInternal: {fileID: 388073844}
  m_GameObject: {fileID: 2033720274}
  m_Enabled: 1
  m_EditorHideFlags: 0
  m_Script: {fileID: 11500000, guid: e9cdbdd72bbb2ee4eb7a74b2466f7db2, type: 3}
  m_Name: 
  m_EditorClassIdentifier: 
  rotationPerSecond: -30
--- !u!1 &2110179580
GameObject:
  m_ObjectHideFlags: 0
  m_PrefabParentObject: {fileID: 100048, guid: f16810b4e0a9b2d499d5a2397aed8fe5, type: 2}
  m_PrefabInternal: {fileID: 388073844}
  serializedVersion: 4
  m_Component:
  - 4: {fileID: 2110179581}
  - 212: {fileID: 2110179582}
  m_Layer: 0
  m_Name: death__0001s_0005_death
  m_TagString: Untagged
  m_Icon: {fileID: 0}
  m_NavMeshLayer: 0
  m_StaticEditorFlags: 0
  m_IsActive: 1
--- !u!4 &2110179581
Transform:
  m_ObjectHideFlags: 0
  m_PrefabParentObject: {fileID: 400048, guid: f16810b4e0a9b2d499d5a2397aed8fe5, type: 2}
  m_PrefabInternal: {fileID: 388073844}
  m_GameObject: {fileID: 2110179580}
  m_LocalRotation: {x: 0, y: 0, z: 0, w: 1}
  m_LocalPosition: {x: .0299999993, y: 1.30999994, z: .250999987}
  m_LocalScale: {x: 1, y: 1, z: 1}
  m_Children: []
  m_Father: {fileID: 1736221079}
  m_RootOrder: 0
--- !u!212 &2110179582
SpriteRenderer:
  m_ObjectHideFlags: 0
  m_PrefabParentObject: {fileID: 21200034, guid: f16810b4e0a9b2d499d5a2397aed8fe5,
    type: 2}
  m_PrefabInternal: {fileID: 388073844}
  m_GameObject: {fileID: 2110179580}
  m_Enabled: 1
  m_CastShadows: 0
  m_ReceiveShadows: 0
  m_LightmapIndex: 255
  m_LightmapTilingOffset: {x: 1, y: 1, z: 0, w: 0}
  m_Materials:
  - {fileID: 10754, guid: 0000000000000000e000000000000000, type: 0}
  m_SubsetIndices: 
  m_StaticBatchRoot: {fileID: 0}
  m_UseLightProbes: 0
  m_LightProbeAnchor: {fileID: 0}
  m_ScaleInLightmap: 1
  m_SortingLayerID: 0
  m_SortingOrder: 0
  m_Sprite: {fileID: 21300000, guid: 321c52bc48daefc4abf456be42869ef6, type: 3}
  m_Color: {r: 1, g: 1, b: 1, a: 1}
